@article{abadie2003economic,
  title={The economic costs of conflict: A case study of the Basque Country},
  author={Abadie, Alberto and Gardeazabal, Javier},
  journal={American economic review},
  pages={113--132},
  year={2003},
  publisher={JSTOR}
}

@article{abadie2010synthetic,
  title={Synthetic control methods for comparative case studies: Estimating the effect of Californias tobacco control program},
  author={Abadie, Alberto and Diamond, Alexis and Hainmueller, Jens},
  journal={Journal of the American Statistical Association},
  volume={105},
  number={490},
  year={2010}
}

@article{abramowitz1988improved,
  title={An improved model for predicting presidential election outcomes},
  author={Abramowitz, Alan I},
  journal={PS: Political Science \& Politics},
  volume={21},
  number={04},
  pages={843--847},
  year={1988},
  publisher={Cambridge Univ Press}
}

@article{acemoglu2001inefficient,
  title={Inefficient redistribution},
  author={Acemoglu, D. and Robinson, J.A.},
  journal={American Political Science Review},
  volume={95},
  number={3},
  pages={649--662},
  year={2001},
  publisher={Cambridge Univ Press}
}

@article{acemoglu2004market,
  title={Market Size in Innovation: Theory and Evidence from the Pharmaceutical Industry},
  author={Acemoglu, D. and Linn, J.},
  journal={The Quarterly Journal of Economics},
  volume={119},
  number={3},
  pages={1049--1090},
  year={2004},
  publisher={MIT Press}
}

@article{acemoglu2006did,
  title={Did Medicare Induce Pharmaceutical Innovation?},
  author={Acemoglu, Daron and Cutler, David and Finkelstein, Amy and Linn, Joshua},
  journal={The American Economic Review},
  volume={96},
  number={2},
  pages={103--107},
  year={2006},
  publisher={JSTOR}
}

@article{acemoglu2008does,
  title={When Does Policy Reform Work?: The Case of Central Bank Independence},
  author={Acemoglu, D. and Johnson, S. and Querub{\'\i}n, P. and Robinson, J.A.},
  journal={Brookings Papers on Economic Activity},
  volume={2008},
  number={1},
  pages={351--418},
  year={2008},
  publisher={Brookings Institution Press}
}

@article{acemoglu2010theory,
  title={Theory, General Equilibrium, and Political Economy in Development Economics},
  author={Acemoglu, D.},
  journal={The Journal of Economic Perspectives},
  pages={17--32},
  year={2010},
  publisher={JSTOR}
}

@article{achen1992social,
  title={Social psychology, demographic variables, and linear regression: Breaking the iron triangle in voting research},
  author={Achen, Christopher H},
  journal={Political Behavior},
  volume={14},
  number={3},
  pages={195--211},
  year={1992},
  publisher={Springer}
}

@article{afendulis2011impact,
  title={The impact of Medicare Part D on hospitalization rates},
  author={Afendulis, Christopher C and He, Yulei and Zaslavsky, Alan M and Chernew, Michael E},
  journal={Health Services Research},
  volume={46},
  number={4},
  pages={1022--1038},
  year={2011},
  publisher={Wiley Online Library}
}

@article{al2010does,
  title={What Does Health Reform Mean for the Healthcare Industry? Evidence from the Massachusetts Special Senate Election},
  author={Al-Ississ, M. and Miller, N.H.},
  year={2010},
  institution={National Bureau of Economic Research}
}

@article{albert1993bayesian,
  title={Bayesian analysis of binary and polychotomous response data},
  author={Albert, James H and Chib, Siddhartha},
  journal={Journal of the American statistical Association},
  volume={88},
  number={422},
  pages={669--679},
  year={1993},
  publisher={Taylor \& Francis}
}

@inproceedings{aldrich2000consequences,
  title={The consequences of party organization in the House: The role of the majority and minority parties in conditional party government},
  author={Aldrich, John H and Rohde, David W},
  booktitle={Polarized politics: Congress and the president in a partisan era},
  pages={31--72},
  year={2000}
}

@article{aldrich2016getting,
  title={Getting out the vote in the social media era: Are digital tools changing the extent, nature and impact of party contacting in elections?},
  author={Aldrich, John H and Gibson, Rachel K and Cantijoch, Marta and Konitzer, Tobias},
  journal={Party Politics},
  volume={22},
  number={2},
  pages={165--178},
  year={2016},
  publisher={SAGE Publications Sage UK: London, England}
}

@article{alesina1996political,
  title={Political instability and economic growth},
  author={Alesina, A. and {\"O}zler, S. and Roubini, N. and Swagel, P.},
  journal={Journal of Economic Growth},
  volume={1},
  number={2},
  pages={189--211},
  year={1996},
  publisher={Springer}
}

@article{alesina1996income,
  title={Income distribution, political instability, and investment},
  author={Alesina, A. and Perotti, R.},
  journal={European Economic Review},
  volume={40},
  number={6},
  pages={1203--1228},
  year={1996},
  publisher={Elsevier}
}

@article{almond2010estimating,
  title={Estimating marginal returns to medical care: Evidence from at-risk newborns},
  author={Almond, Douglas and Doyle, Joseph J and Kowalski, Amanda E and Williams, Heidi},
  journal={The quarterly journal of economics},
  volume={125},
  number={2},
  pages={591--634},
  year={2010},
  publisher={Oxford University Press}
}

@article{alt1994divided,
  title={Divided Government, Fiscal Institutions, and Budget Deficits: Evidence from the States.},
  author={Alt, James E and Lowry, Robert C},
  journal={American Political Science Review},
  volume={88},
  number={04},
  pages={811--828},
  year={1994},
  publisher={Cambridge Univ Press}
}

@article{altman1999case,
  title={The case of disability in the family: impact on health care utilization and expenditures for nondisabled members},
  author={Altman, B.M. and Cooper, P.F. and Cunningham, P.J.},
  journal={Milbank Quarterly},
  volume={77},
  number={1},
  pages={39--75},
  year={1999},
  publisher={Wiley Online Library}
}

@article{andersenmaking,
  title={Making the Resource Curse Disappear: A re-examination of Haber and Menaldos "Do Natural Resources Fuel Authoritarianism?"},
  author={Andersen, J.J. and Ross, M.L.}
}

@article{arceneaux2009mobilized,
  title={Who is mobilized to vote? A re-analysis of 11 field experiments},
  author={Arceneaux, Kevin and Nickerson, David W},
  journal={American Journal of Political Science},
  volume={53},
  number={1},
  pages={1--16},
  year={2009},
  publisher={Wiley Online Library}
}

@article{arceneaux2010comparing,
  title={Comparing negative and positive campaign messages: Evidence from two field experiments},
  author={Arceneaux, Kevin and Nickerson, David W},
  journal={American Politics Research},
  volume={38},
  number={1},
  pages={54--83},
  year={2010},
  publisher={SAGE Publications Sage CA: Los Angeles, CA}
}

@article{ansolabehere2002incumbency,
  title={The incumbency advantage in US elections: An analysis of state and federal offices, 1942-2000},
  author={Ansolabehere, Stephen and Snyder Jr, James M},
  journal={Election Law Journal},
  volume={1},
  number={3},
  pages={315--338},
  year={2002},
  publisher={Mary Ann Liebert, Inc.}
}

@article{ansolabehere2003there,
  title={Why Is There So Little Money In US Elections?},
  author={Ansolabehere, S. and Snyder, J. and de Figueiredo, J.},
  year={2003},
  publisher={Journal of Economic Perspectives}
}

@article{aranson1974election,
  title={Election goals and strategies: Equivalent and nonequivalent candidate objectives},
  author={Aranson, Peter H and Hinich, Melvin J and Ordeshook, Peter C},
  journal={American Political Science Review},
  volume={68},
  number={01},
  pages={135--152},
  year={1974},
  publisher={Cambridge Univ Press}
}

@article{arellano1987practitioners,
  title={PRACTITIONERS' CORNER: Computing Robust Standard Errors for Within-groups Estimators*},
  author={Arellano, M.},
  journal={Oxford bulletin of Economics and Statistics},
  volume={49},
  number={4},
  pages={431--434},
  year={1987},
  publisher={Wiley Online Library}
}

@article{arellano1991some,
  title={Some tests of specification for panel data: Monte Carlo evidence and an application to employment equations},
  author={Arellano, M. and Bond, S.},
  journal={The Review of Economic Studies},
  volume={58},
  number={2},
  pages={277},
  year={1991},
  publisher={Oxford University Press}
}

@article{aron2013rand,
  title={The RAND Health Insurance Experiment, Three Decades Later},
  author={Aron-Dine, Aviva and Einav, Liran and Finkelstein, Amy},
  journal={The Journal of Economic Perspectives},
  pages={197--222},
  year={2013},
  publisher={JSTOR}
}

@article{ashworth2007does,
  title={Does advertising exposure affect turnout?},
  author={Ashworth, Scott and Clinton, Joshua D and others},
  journal={Quarterly Journal of Political Science},
  volume={2},
  number={1},
  pages={27--41},
  year={2007},
  publisher={Now Publishers, Inc.}
}

@article{bafumi2010forecasting,
  title={Forecasting house seats from generic congressional polls: the 2010 midterm election},
  author={Bafumi, Joseph and Erikson, Robert S and Wlezien, Christopher},
  journal={PS: Political Science \& Politics},
  volume={43},
  number={04},
  pages={633--636},
  year={2010},
  publisher={Cambridge Univ Press}
}

@article{bai2010common,
  title={Common breaks in means and variances for panel data},
  author={Bai, J.},
  journal={Journal of Econometrics},
  volume={157},
  number={1},
  pages={78--92},
  year={2010},
  publisher={Elsevier}
}

@article{baicker2006health,
  title={Health Savings Accounts: Implications for Health Spending},
  author={Baicker, K. and Dow, W. and Wolfson, J.},
  journal={National Tax Journal},
  volume={59},
  number={3},
  pages={463},
  year={2006},
  publisher={NTA-TIA NATIONAL TAX ASSOCIATION}
}

@article{baicker2007lowering,
  title={Lowering the barriers to consumer-directed health care: responding to concerns},
  author={Baicker, K. and Dow, W.H. and Wolfson, J.},
  journal={Health Affairs},
  volume={26},
  number={5},
  pages={1328--1332},
  year={2007},
  publisher={Health Affairs}
}

@article{bajari2006moral,
  title={Moral hazard, adverse selection and health expenditures: A semiparametric analysis},
  author={Bajari, Patrick and Hong, Han and Khwaja, Ahmed},
   journal={Health Affairs},
  volume={45},
  number={4},
  pages={747--763},
  year={2014},
  publisher={RAND Journal of Economics}
}

@article{banks2000buying,
  title={Buying supermajorities in finite legislatures},
  author={Banks, J.S.},
  journal={American Political Science Review},
  pages={677--681},
  year={2000},
  publisher={JSTOR}
}

@article{bang2000estimating,
  title={Estimating medical costs with censored data},
  author={Bang, Heejung and Tsiatis, Anastasios A},
  journal={Biometrika},
  volume={87},
  number={2},
  pages={329--343},
  year={2000},
  publisher={Biometrika Trust}
}

@article{banzhaf1968one,
  title={One man, 3.312 votes: a mathematical analysis of the Electoral College},
  author={Banzhaf, John F},
  journal={Vill. L. Rev.},
  volume={13},
  pages={304},
  year={1968},
  publisher={HeinOnline}
}


@article{barnato2010survival,
  title={Is Survival Better at Hospitals With Higher},
  author={Barnato, A.E. and Chang, C.C.H. and Farrell, M.H. and Lave, J.R. and Roberts, M.S. and Angus, D.C.},
  journal={Medical care},
  volume={48},
  number={2},
  pages={125},
  year={2010}
}

@article{baron1982regulating,
  title={Regulating a monopolist with unknown costs},
  author={Baron, D.P. and Myerson, R.B.},
  journal={Econometrica},
  pages={911--930},
  year={1982},
  publisher={JSTOR}
}

@article{baron1989bargaining,
  title={Bargaining in legislatures},
  author={Baron, D.P. and Ferejohn, J.A.},
  journal={The American Political Science Review},
  pages={1181--1206},
  year={1989},
  publisher={JSTOR}
}

@article{baron1996dynamic,
  title={A dynamic theory of collective goods programs},
  author={Baron, D.P.},
  journal={American Political Science Review},
  pages={316--330},
  year={1996},
  publisher={JSTOR}
}

@article{barro1979determination,
  title={On the determination of the public debt},
  author={Barro, Robert J},
  journal={The 
  tical Economy},
  pages={940--971},
  year={1979},
  publisher={JSTOR}
}

@article{barro1996democracy,
  title={Democracy and growth},
  author={Barro, R.J.},
  journal={Journal of economic growth},
  volume={1},
  number={1},
  pages={1--27},
  year={1996},
  publisher={Springer}
}


@article{bartels1985resource,
  title={Resource allocation in a presidential campaign},
  author={Bartels, Larry M},
  journal={The Journal of Politics},
  volume={47},
  number={3},
  pages={928--936},
  year={1985},
  publisher={Southern Political Science Association}
}

@article{bartels2002beyond,
  title={Beyond the running tally: Partisan bias in political perceptions},
  author={Bartels, Larry M},
  journal={Political Behavior},
  volume={24},
  number={2},
  pages={117--150},
  year={2002},
  publisher={Springer}
}

@book{bartels2009unequal,
  title={Unequal democracy: The political economy of the new gilded age},
  author={Bartels, Larry M},
  year={2009},
  publisher={Princeton University Press}
}

@article{basu2010impact,
  title={Impact of Medicare Part D on Medicare--Medicaid Dual-Eligible Beneficiaries' Prescription Utilization and Expenditures},
  author={Basu, Anirban and Yin, Wesley and Alexander, G Caleb and Basu, A and Yin, W and Alexander, GC and others},
  journal={Health Services Research},
  volume={45},
  number={1},
  pages={133},
  year={2010},
  publisher={Health Research \& Educational Trust}
}

@article{ben2002life,
  title={A life course approach to chronic disease epidemiology: conceptual models, empirical challenges and interdisciplinary perspectives},
  author={Ben-Shlomo, Y. and Kuh, D.},
  journal={International journal of Epidemiology},
  volume={31},
  number={2},
  pages={285--293},
  year={2002},
  publisher={IEA}
}

@article{berk2001concentration,
  title={The concentration of health care expenditures, revisited},
  author={Berk, M.L. and Monheit, A.C.},
  journal={Health Affairs},
  volume={20},
  number={2},
  pages={9--18},
  year={2001},
  publisher={Health Affairs}
}

@article{bernard2012reconciling,
  title={Reconciling medical expenditure estimates from the MEPS and NHEA, 2007},
  author={Bernard, Didem and Cowan, Cathy and Selden, Thomas and Cai, Liming and Catlin, Aaron and Heffler, Stephen},
  journal={Medicare \& medicaid research review},
  volume={2},
  number={4},
  year={2012},
  publisher={Centers for Medicare and Medicaid Services}
}

@article{bertrand2003managing,
  title={Managing with style: The effect of managers on firm policies},
  author={Bertrand, M. and Schoar, A.},
  journal={The Quarterly Journal of Economics},
  volume={118},
  number={4},
  pages={1169--1208},
  year={2003},
  publisher={Oxford University Press}
}

@article{berwick2008triple,
  title={The triple aim: care, health, and cost},
  author={Berwick, D.M. and Nolan, T.W. and Whittington, J.},
  journal={Health Affairs},
  volume={27},
  number={3},
  pages={759--769},
  year={2008},
  publisher={Health Affairs}
}

@article{besley1997economic,
  title={An economic model of representative democracy},
  author={Besley, Timothy and Coate, Stephen},
  journal={The Quarterly Journal of Economics},
  volume={112},
  number={1},
  pages={85--114},
  year={1997},
  publisher={Oxford University Press}
}

@article{besley2003political,
  title={Political institutions and policy choices: evidence from the United States},
  author={Besley, Timothy and Case, Anne},
  journal={Journal of Economic Literature},
  volume={41},
  number={1},
  pages={7--73},
  year={2003},
  publisher={American Economic Association}
}

@article{bickers1996electoral,
  title={The electoral dynamics of the federal pork barrel},
  author={Bickers, Kenneth N and Stein, Robert M},
  journal={American Journal of Political Science},
  pages={1300--1326},
  year={1996},
  publisher={JSTOR}
}

@article{bickers2004interlocal,
  title={Interlocal cooperation and the distribution of federal grant awards},
  author={Bickers, Kenneth N and Stein, Robert M},
  journal={Journal of Politics},
  volume={66},
  number={3},
  pages={800--822},
  year={2004},
  publisher={Wiley Online Library}
}

@article{binder1999dynamics,
  title={The dynamics of legislative gridlock, 1947-96},
  author={Binder, Sarah A},
  journal={American Political Science Review},
  pages={519--533},
  year={1999},
  publisher={JSTOR}
}

@article{blanco2007national,
  title={National trends in ethnic disparities in mental health care},
  author={Blanco, Carlos and Patel, Sapana R and Liu, Linxu and Jiang, Huiping and Lewis-Fern{\'a}ndez, Roberto and Schmidt, Andrew B and Liebowitz, Michael R and Olfson, Mark},
  journal={Medical Care},
  volume={45},
  number={11},
  pages={1012--1019},
  year={2007},
  publisher={LWW}
}

@article{blendon2006americans,
  title={Americans' views of health care costs, access, and quality},
  author={Blendon, R.J. and Brodie, M. and Benson, J.M. and Altman, D.E. and Buhr, T.},
  journal={Milbank Quarterly},
  volume={84},
  number={4},
  pages={623--657},
  year={2006},
  publisher={Wiley Online Library}
}

@article{blendon2009commentary,
  title={Commentary: Understanding the underlying politics of health care policy decision making},
  author={Blendon, Robert J and SteelFisher, Gillian K},
  journal={Health services research},
  volume={44},
  number={4},
  pages={1137--1143},
  year={2009},
  publisher={Wiley Online Library}
}

@article{bloche2007consumer,
  title={Consumer-directed health care and the disadvantaged},
  author={Bloche, M.G.},
  journal={Health Affairs},
  volume={26},
  number={5},
  pages={1315--1327},
  year={2007},
  publisher={Health Affairs}
}

@article{blough1999modeling,
  title={Modeling risk using generalized linear models},
  author={Blough, David K and Madden, Carolyn W and Hornbrook, Mark C},
  journal={Journal of health economics},
  volume={18},
  number={2},
  pages={153--171},
  year={1999},
  publisher={Elsevier}
}

@article{blumenthal2005privatization,
  title={Privatization and its discontents: The evolving Chinese health care system},
  author={Blumenthal, D. and Hsiao, W.},
  journal={New England Journal of Medicine},
  volume={353},
  number={11},
  pages={1165--1170},
  year={2005},
  publisher={Mass Medical Soc}
}

@article{blundell1998initial,
  title={Initial conditions and moment restrictions in dynamic panel data models},
  author={Blundell, R. and Bond, S.},
  journal={Journal of econometrics},
  volume={87},
  number={1},
  pages={115--143},
  year={1998},
  publisher={Elsevier}
}

@inproceedings{bocskocsky2014hot,
  title={The Hot Hand: A New Approach to an Old Fallacy},
  author={Bocskocsky, Andrew and Ezekowitz, John and Carolyn, Sandy},
  year={2014},
  organization={MIT Sloan Sports Analytics Conference}
}

@article{bohn1998behavior,
  title={The behavior of US public debt and deficits},
  author={Bohn, Henning},
  journal={the Quarterly Journal of economics},
  volume={113},
  number={3},
  pages={949--963},
  year={1998},
  publisher={Oxford University Press}
}

@article{bolton1997breakup,
  title={The breakup of nations: a political economy analysis},
  author={Bolton, P. and Roland, G.},
  journal={The Quarterly Journal of Economics},
  volume={112},
  number={4},
  pages={1057--1090},
  year={1997},
  publisher={Oxford University Press}
}

@article{borck2007voting,
  title={Voting, inequality and redistribution},
  author={Borck, R.},
  journal={Journal of Economic Surveys},
  volume={21},
  number={1},
  pages={90--109},
  year={2007},
  publisher={Wiley Online Library}
}

@article{bhattacharya2006does,
  title={Does Medicare benefit the poor?},
  author={Bhattacharya, Jay and Lakdawalla, Darius},
  journal={Journal of Public Economics},
  volume={90},
  number={1},
  pages={277--292},
  year={2006},
  publisher={Elsevier}
}

@article{brady2007primary,
  title={Primary Elections and Candidate Ideology: Out of Step with the Primary Electorate?},
  author={Brady, David W and Han, Hahrie and Pope, Jeremy C},
  journal={Legislative Studies Quarterly},
  volume={32},
  number={1},
  pages={79--105},
  year={2007},
  publisher={Wiley Online Library}
}

@article{brady2008polarization,
  title={Polarization and Public Policy: A General Assessment},
  author={Brady, David W and Ferejohn, John and Harbridge, Laurel},
  journal={Red and Blue Nation},
  volume={2},
  pages={185--216},
  year={2008}
}

@article{brams1973resource,
  title={Resource-Allocation Models in Presidential Campaigns: Implications for Democratic Representation},
  author={Brams, Steven J and Davis, Morton D},
  journal={Annals of the New York Academy of Sciences},
  volume={219},
  number={1},
  pages={105--123},
  year={1973},
  publisher={Wiley Online Library}
}

@article{brams19743,
  title={The 3/2's rule in presidential campaigning},
  author={Brams, Steven J and Davis, Morton D},
  journal={American Political Science Review},
  volume={68},
  number={01},
  pages={113--134},
  year={1974},
  publisher={Cambridge Univ Press}
}

@article{breyer2012health,
  title={Health Care Spending Risk, Health Insurance, and Payment to Health Plans},
  author={Breyer, F. and Bundorf, MK and Pauly, MV},
  journal={MV Pauly, TG McGuire, \& PP Barros, Handbook of health economics},
  volume={2},
  pages={691--762},
  year={2012}
}

@article{brook1983does,
  title={Does free care improve adults' health?},
  author={Brook, Robert H and Ware Jr, John E and Rogers, William H and Keeler, Emmett B and Davies, Allyson R and Donald, Cathy A and Goldberg, George A and Lohr, Kathleen N and Masthay, Patricia C and Newhouse, Joseph P},
  journal={New England Journal of Medicine},
  volume={309},
  number={23},
  pages={1426--1434},
  year={1983},
  publisher={Mass Medical Soc}
}

@article{brown1980measuring,
  title={Measuring security price performance},
  author={Brown, S.J. and Warner, J.B.},
  journal={Journal of financial Economics},
  volume={8},
  number={3},
  pages={205--258},
  year={1980},
  publisher={Elsevier}
}

@article{brown1985using,
  title={Using daily stock returns: The case of event studies},
  author={Brown, S.J. and Warner, J.B.},
  journal={Journal of financial economics},
  volume={14},
  number={1},
  pages={3--31},
  year={1985},
  publisher={Elsevier}
}

@article{brown1999forecasting,
  title={Forecasting presidential elections using history and polls},
  author={Brown, Lloyd B and Chappell Jr, Henry W},
  journal={International Journal of Forecasting},
  volume={15},
  number={2},
  pages={127--135},
  year={1999},
  publisher={Elsevier}
}

@article{brown2002estimating,
  title={Estimating health care costs related to cancer treatment from SEER-Medicare data},
  author={Brown, Martin L and Riley, Gerald F and Schussler, Nicki and Etzioni, Ruth},
  journal={Medical care},
  volume={40},
  number={8},
  pages={IV--104},
  year={2002},
  publisher={LWW}
}

@article{brown2008interaction,
  title={The Interaction of Public and Private Insurance: Medicaid and the Long-Term Care Insurance Market},
  author={Brown, Jeffrey R and Finkelstein, Amy},
  journal={The American Economic Review},
  volume={98},
  number={3},
  pages={1083},
  year={2008},
  publisher={American Economic Association}
}

@article{buntin2006consumer,
  title={Consumer-directed health care: early evidence about effects on cost and quality},
  author={Buntin, M.B. and Damberg, C. and Haviland, A. and Kapur, K. and Lurie, N. and McDevitt, R. and Marquis, M.S.},
  journal={Health Affairs},
  volume={25},
  number={6},
  pages={w516--w530},
  year={2006},
  publisher={Health Affairs}
}

@article{cameron1990regression,
  title={Regression-based tests for overdispersion in the Poisson model},
  author={Cameron, A Colin and Trivedi, Pravin K},
  journal={Journal of Econometrics},
  volume={46},
  number={3},
  pages={347--364},
  year={1990},
  publisher={Elsevier}
}

@book{cameron2005microeconometrics,
  title={Microeconometrics: methods and applications},
  author={Cameron, A Colin and Trivedi, Pravin K},
  year={2005},
  publisher={Cambridge university press}
}

@article{cameron2009microeconometrics,
  title={Microeconometrics Using Stata},
  author={Cameron, A Colin and Pravin, K and Kohler, Ulrich and Kreuter, Frauke and Long, J Scott},
  journal={Atlanta},
  pages={376},
  year={2009},
  publisher={Stata Press}
}

@article{campante2007inefficient,
  title={Inefficient lobbying, populism and oligarchy},
  author={Campante, F.R. and Ferreira, F.H.G.},
  journal={Journal of Public Economics},
  volume={91},
  number={5},
  pages={993--1021},
  year={2007},
  publisher={Elsevier}
}

@article{campante2011redistribution,
  title={Redistribution in a model of voting and campaign contributions},
  author={Campante, F.R.},
  journal={Journal of Public Economics},
  volume={95},
  number={7},
  pages={646--656},
  year={2011},
  publisher={Elsevier}
}

@book{campbell1980american,
  title={The american voter},
  author={Campbell, Angus},
  year={1980},
  publisher={University of Chicago Press}
}

@article{campbell1992forecasting,
  title={Forecasting the presidential vote in the states},
  author={Campbell, James E},
  journal={American Journal of Political Science},
  pages={386--407},
  year={1992},
  publisher={JSTOR}
}

@book{campbell1997econometrics,
  title={The econometrics of financial markets},
  author={Campbell, J.Y. and Lo, A.W. and MacKinlay, A.C.},
  volume={1},
  year={1997},
  publisher={princeton University press Princeton, NJ}
}

@book{campbell2003policies,
  title={How policies make citizens: Senior political activism and the American welfare state},
  author={Campbell, Andrea Louise},
  year={2003},
  publisher={Princeton University Press}
}

@article{campbell2008trial,
  title={The trial-heat forecast of the 2008 presidential vote: Performance and value considerations in an open-seat election},
  author={Campbell, James E},
  journal={PS: Political Science \& Politics},
  volume={41},
  number={04},
  pages={697--701},
  year={2008},
  publisher={Cambridge Univ Press}
}

@article{campbell2012policy,
  title={Policy makes mass politics},
  author={Campbell, Andrea Louise},
  journal={Annual Review of Political Science},
  volume={15},
  pages={333--351},
  year={2012},
  publisher={Annual Reviews}
}

@article{cantor1997party,
  title={Party campaign activity and party unity in the US House of Representatives},
  author={Cantor, David M and Herrnson, Paul S},
  journal={Legislative Studies Quarterly},
  pages={393--415},
  year={1997},
  publisher={JSTOR}
}

@article{card2009does,
  title={Does Medicare save lives?},
  author={Card, David and Dobkin, Carlos and Maestas, Nicole},
  journal={The quarterly journal of economics},
  volume={124},
  number={2},
  pages={597--636},
  year={2009},
  publisher={Oxford University Press}
}

@article{carhart1997persistence,
  title={On persistence in mutual fund performance},
  author={Carhart, M.M.},
  journal={Journal of finance},
  pages={57--82},
  year={1997},
  publisher={JSTOR}
}

@article{carpenter2002groups,
  title={Groups, the media, agency waiting costs, and FDA drug approval},
  author={Carpenter, Daniel P},
  journal={American Journal of Political Science},
  pages={490--505},
  year={2002},
  publisher={JSTOR}
}

@article{carpenter2004protection,
  title={Protection without capture: Product approval by a politically responsive, learning regulator},
  author={Carpenter, Daniel P},
  journal={American Political Science Review},
  volume={98},
  number={4},
  pages={613--31},
  year={2004},
  publisher={Cambridge Univ Press}
}

@article{carpenter2008drug,
  title={Drug-review deadlines and safety problems},
  author={Carpenter, Daniel and Zucker, Evan James and Avorn, Jerry},
  journal={New England Journal of Medicine},
  volume={358},
  number={13},
  pages={1354--1361},
  year={2008},
  publisher={Mass Medical Soc}
}

@article{carpenter2012complications,
  title={The complications of controlling agency time discretion: FDA review deadlines and postmarket drug safety},
  author={Carpenter, Daniel and Chattopadhyay, Jacqueline and Moffitt, Susan and Nall, Clayton},
  journal={American journal of political science},
  volume={56},
  number={1},
  pages={98--114},
  year={2012},
  publisher={Wiley Online Library}
}

@article{case2002economic,
  title={Economic Status and Health in Childhood: The Origins of the Gradient},
  author={Case, Anne and Lubotsky, Darren and Paxson, Christina},
  journal={The American Economic Review},
  volume={92},
  number={5},
  pages={1308--1334},
  year={2002}
}

@incollection{case2005broken,
  title={Broken down by work and sex: How our health declines},
  author={Case, Anne and Deaton, Angus S},
  booktitle={Analyses in the Economics of Aging},
  pages={185--212},
  year={2005},
  publisher={University of Chicago Press}
}

@article{cascio2014valuing,
  title={Valuing the Vote: The Redistribution of Voting Rights and State Funds Following the Voting Rights Act of 1965},
  author={Cascio, Elizabeth U and Washington, Ebonya},
  journal={The Quarterly Journal of Economics},
  volume={129},
  number={1},
  pages={379--433},
  year={2014},
  publisher={Oxford University Press}
}

@misc{cms2015,
 title  = {National Health Care Expenditure Data},
 author = {{Centers for Medicare \& Medicaid Services}},
 howpublished = {\url{https://www.cms.gov/Research-Statistics-Data-and-Systems/Statistics-Trends-and-Reports/NationalHealthExpendData/index.html}},
 note   = {Accessed August 13, 2015}
}

@article{chamberlain1981note,
  title={A note on the probability of casting a decisive vote},
  author={Chamberlain, Gary and Rothschild, Michael and others},
  journal={Journal of Economic Theory},
  volume={25},
  number={1},
  pages={152--162},
  year={1981},
  publisher={Elsevier}
}

@article{chattopadhyay2004women,
  title={Women as policy makers: Evidence from a randomized policy experiment in India},
  author={Chattopadhyay, Raghabendra and Duflo, Esther},
  journal={Econometrica},
  volume={72},
  number={5},
  pages={1409--1443},
  year={2004},
  publisher={Wiley Online Library}
}

@article{chay2010medicare,
  title={Medicare, Hospital Utilization, and Mortality: Evidence from the Program's Origins},
  author={Chay, K and Kim, Daeho and Swaminathan, Shailender},
  journal={New Perspectives on Health and Health Care Policy: The Institute of Government and Public Affiars and the Federal Reserve Bank of Chicago},
  year={2010}
}

@article{chen2004effects,
  title={The effects of terrorism on global capital markets},
  author={Chen, A.H. and Siems, T.F.},
  journal={European Journal of Political Economy},
  volume={20},
  number={2},
  pages={349--366},
  year={2004},
  publisher={Elsevier}
}

@article{chernew2011health,
  title={Health care spending growth},
  author={Chernew, M.E. and Newhouse, J.P.},
  journal={Handbook of Health Economics},
  volume={2},
  pages={1},
  year={2011},
  publisher={North Holland}
}

@article{chiou2003pivotal,
  title={When pivotal politics meets partisan politics},
  author={Chiou, Fang-Yi and Rothenberg, Lawrence S},
  journal={American Journal of Political Science},
  volume={47},
  number={3},
  pages={503--522},
  year={2003},
  publisher={Wiley Online Library}
}

@article{claessens2008political,
  title={Political connections and preferential access to finance: The role of campaign contributions},
  author={Claessens, S. and Feijen, E. and Laeven, L.},
  journal={Journal of Financial Economics},
  volume={88},
  number={3},
  pages={554--580},
  year={2008},
  publisher={Elsevier}
}

@article{cohen2012legislating,
  title={Legislating Stock Prices},
  author={Cohen, L. and Diether, K.B. and Malloy, C.},
  year={2012},
  institution={National Bureau of Economic Research}
}

@article{colantoni1975campaign,
  title={Campaign resource allocations under the Electoral College},
  author={Colantoni, Claude S and Levesque, Terrence J and Ordeshook, Peter C},
  journal={American Political Science Review},
  volume={69},
  number={01},
  pages={141--154},
  year={1975},
  publisher={Cambridge Univ Press}
}

@article{coleman1999unified,
  title={Unified government, divided government, and party responsiveness},
  author={Coleman, John J},
  journal={American Political Science Review},
  pages={821--835},
  year={1999},
  publisher={JSTOR}
}

@article{collins1999us,
  title={US minority health: A chartbook},
  author={Collins, Karen Scott and Hall, Allyson G and Neuhaus, Charlotte and Fund, Commonwealth},
  year={1999},
  publisher={Commonwealth Fund New York}
}

@article{contoyannis2004dynamics,
  title={The dynamics of health in the British Household Panel Survey},
  author={Contoyannis, P. and Jones, A.M. and Rice, N.},
  journal={Journal of Applied Econometrics},
  volume={19},
  number={4},
  pages={473--503},
  year={2004},
  publisher={Wiley Online Library}
}

@article{cook2007measuring,
  title={Measuring trends in mental health care disparities, 2000--2004},
  author={Cook, Benjamin and McGuire, Thomas and Miranda, Jeanne},
  journal={Psychiatric Services},
  volume={58},
  number={12},
  pages={1533--1540},
  year={2007},
  publisher={Am Psychiatric Assoc}
}

@article{cook2009adjusting,
  title={Adjusting for health status in non-linear models of health care disparities},
  author={Cook, Benjamin L and McGuire, Thomas G and Meara, Ellen and Zaslavsky, Alan M},
  journal={Health Services and Outcomes Research Methodology},
  volume={9},
  number={1},
  pages={1--21},
  year={2009},
  publisher={Springer}
}

@article{cook2009measuring,
  title={Measuring racial/ethnic disparities across the distribution of health care expenditures},
  author={Cook, Benjamin L{\^e} and Manning, Willard G},
  journal={Health services research},
  volume={44},
  number={5p1},
  pages={1603--1621},
  year={2009},
  publisher={Wiley Online Library}
}

@article{cooper1999race,
  title={Race, gender, and partnership in the patient-physician relationship},
  author={Cooper-Patrick, Lisa and Gallo, Joseph J and Gonzales, Junius J and Vu, Hong Thi and Powe, Neil R and Nelson, Christine and Ford, Daniel E},
  journal={Jama},
  volume={282},
  number={6},
  pages={583--589},
  year={1999},
  publisher={American Medical Association}
}

@article{cox1972regression,
  title={Regression models and life-tables},
  author={Cox, David R},
  journal={Journal of the Royal Statistical Society. Series B (Methodological)},
  pages={187--220},
  year={1972},
  publisher={JSTOR}
}

@book{cox2005setting,
  title={Setting the agenda: Responsible party government in the US House of Representatives},
  author={Cox, Gary W and McCubbins, Mathew D},
  year={2005},
  publisher={Cambridge University Press}
}

@book{cox2007legislative,
  title={Legislative leviathan: Party government in the House},
  author={Cox, Gary W and McCubbins, Mathew D},
  year={2007},
  publisher={Cambridge University Press}
}

@article{cropper1977health,
  title={Health, investment in health, and occupational choice},
  author={Cropper, Maureen L},
  journal={The Journal of Political Economy},
  pages={1273--1294},
  year={1977},
  publisher={JSTOR}
}

@article{crystal2000out,
  title={Out-of-pocket health care costs among older Americans},
  author={Crystal, Stephen and Johnson, Richard W and Harman, Jeffrey and Sambamoorthi, Usha and Kumar, Rizie},
  journal={Journal ofGemntology: SOCIAL SCIENCES},
  volume={55},
  number={1},
  pages={S5I--S62},
  year={2000}
}

@article{cunningham2000prevalence,
  title={Prevalence and predictors of highly active antiretroviral therapy use in patients with HIV infection in the United States},
  author={Cunningham, William E and Markson, Leona E and Andersen, Ronald M and Crystal, Stephen H and Fleishman, John A and Golin, Carol and Gifford, Allen and Liu, Honghu H and Nakazono, Terry T and Morton, Sally and others},
  journal={JAIDS Journal of Acquired Immune Deficiency Syndromes},
  volume={25},
  number={2},
  pages={115--123},
  year={2000},
  publisher={LWW}
}

@article{currie1996health,
  title={Health insurance eligibility, utilization of medical care, and child health},
  author={Currie, Janet and Gruber, Jonathan},
  journal={The Quarterly Journal of Economics},
  volume={111},
  number={2},
  pages={431--466},
  year={1996},
  publisher={Oxford University Press}
}

@article{currie1996saving,
  title={Saving Babies: The Efficacy and Cost of Recent Changes in the Medicaid Eligibility of Pregnant Women},
  author={Currie, Janet and Gruber, Jonathan},
  journal={Journal of Political Economy},
  pages={1263--1296},
  year={1996},
  publisher={JSTOR}
}

@article{cutler2001technological,
  title={Is technological change in medicine worth it?},
  author={Cutler, D.M. and McClellan, M.},
  journal={Health affairs},
  volume={20},
  number={5},
  pages={11--29},
  year={2001},
  publisher={Health Affairs}
}

@article{cutler2002equality,
  title={Equality, efficiency, and market fundamentals: the dynamics of international medical-care reform},
  author={Cutler, D.M.},
  journal={Journal of Economic Literature},
  volume={40},
  number={3},
  pages={881--906},
  year={2002},
  publisher={American Economic Association}
}

@article{cutler2006value,
  title={The value of medical spending in the United States, 1960--2000},
  author={Cutler, D.M. and Rosen, A.B. and Vijan, S.},
  journal={New England Journal of Medicine},
  volume={355},
  number={9},
  pages={920--927},
  year={2006},
  publisher={Mass Medical Soc}
}

@article{cutler2006determinants,
  title={The Determinants of Mortality},
  author={Cutler, David and Deaton, Angus and Lleras-Muney, Adriana},
  journal={The Journal of Economic Perspectives},
  volume={20},
  number={3},
  pages={97--120},
  year={2006},
  publisher={American Economic Association}
}

@article{cutler2010understanding,
  title={Understanding differences in health behaviors by education},
  author={Cutler, David M and Lleras-Muney, Adriana},
  journal={Journal of health economics},
  volume={29},
  number={1},
  pages={1--28},
  year={2010},
  publisher={Elsevier}
}

@book{cutrone2006does,
  title={Does bicameralism matter?},
  author={Cutrone, Michael and McCarty, Nolan},
  journal={The Oxford handbook of political economy},
  pages={180--95},
  year={2006},
  publisher={New York: Oxford University Press}
}

@article{cuzan2010will,
  title={Will the Republicans Retake the House in 2010?},
  author={Cuz{\'a}n, Alfred G},
  journal={PS: Political Science \& Politics},
  volume={43},
  number={04},
  pages={639--641},
  year={2010},
  publisher={Cambridge Univ Press}
}

@article{dal2006regulatory,
  title={Regulatory capture: a review},
  author={Dal B{\'o}, E.},
  journal={Oxford Review of Economic Policy},
  volume={22},
  number={2},
  pages={203--225},
  year={2006},
  publisher={Oxford Univ Press}
}

@article{deaton2002policy,
  title={Policy implications of the gradient of health and wealth},
  author={Deaton, Angus},
  journal={Health Affairs},
  volume={21},
  number={2},
  pages={13--30},
  year={2002},
  publisher={Health Affairs}
}

@article{deb1997demand,
  title={Demand for medical care by the elderly: a finite mixture approach},
  author={Deb, Partha and Trivedi, Pravin K},
  journal={Journal of applied econometrics},
  volume={12},
  number={3},
  pages={313--336},
  year={1997}
}

@article{deb2002structure,
  title={The structure of demand for health care: latent class versus two-part models},
  author={Deb, Partha and Trivedi, Pravin K},
  journal={Journal of health economics},
  volume={21},
  number={4},
  pages={601--625},
  year={2002},
  publisher={Elsevier}
}

@article{de2006academic,
  title={Academic Earmarks and the Returns to Lobbying*},
  author={De Figueiredo, J.M. and Silverman, B.S.},
  journal={Journal of Law and Economics},
  volume={49},
  number={2},
  pages={597--625},
  year={2006},
  publisher={JSTOR}
}

@article{de2007does,
  title={Does private money buy public policy? campaign contributions and regulatory outcomes in telecommunications},
  author={de Figueiredo Jr, R.J.P. and Edwards, G.},
  journal={Journal of Economics \& Management Strategy},
  volume={16},
  number={3},
  pages={547--576},
  year={2007},
  publisher={Wiley Online Library}
}

@article{dellavigna2010detecting,
  title={Detecting Illegal Arms Trade},
  author={DellaVigna, S.D. and La Ferrara, E.},
  journal={American Economic Journal: Economic Policy},
  pages={26--57},
  year={2010},
  publisher={JSTOR}
}

@article{denver2003constituency,
  title={Constituency campaigning in Britain 1992-2001: centralization and modernization},
  author={Denver, David and Hands, Gordon and Fisher, Justin and MacAllister, Iain},
  journal={Party Politics},
  volume={9},
  number={5},
  pages={541--559},
  year={2003},
  publisher={Sage Publications}
}

@misc{dev2016rstan,
  title={RStan: The R interface to Stan},
  author={{Stan Development Team}},
  year={2016},
  howpublished = {\url{http://mc-stan.org}}
}

@article{devereux1998political,
  title={Political instability, capital taxation, and growth},
  author={Devereux, M.B. and Wen, J.F.},
  journal={European Economic Review},
  volume={42},
  number={9},
  pages={1635--1651},
  year={1998},
  publisher={Elsevier}
}

@article{diermeier1999bicameralism,
  title={Bicameralism and its Consequences for the Internal Organization of Legislatures},
  author={Diermeier, Daniel and Myerson, Roger B},
  journal={American Economic Review},
  pages={1182--1196},
  year={1999},
  publisher={JSTOR}
}

@article{dixit1996determinants,
  title={The determinants of success of special interests in redistributive politics},
  author={Dixit, Avinash and Londregan, John},
  journal={Journal of Politics},
  volume={58},
  pages={1132--1155},
  year={1996},
  publisher={Cambridge Univ Press}
}

@article{dixit1996special,
  title={Special-interest lobbying and endogenous commodity taxation},
  author={Dixit, A.},
  journal={Eastern Economic Journal},
  volume={22},
  number={4},
  pages={375--388},
  year={1996},
  publisher={JSTOR}
}

@article{dixit1997common,
  title={Common agency and coordination: General theory and application to government policy making},
  author={Dixit, A. and Grossman, G.M. and Helpman, E.},
  journal={Journal of Political Economy},
  volume={105},
  number={4},
  pages={752--769},
  year={1997},
  publisher={JSTOR}
}

@book{downs1957economic,
  title={An economic theory of democracy},
  author={Downs, A.},
  year={1957},
  publisher={New York: Harper and Row}
}

@article{doyle2011returns,
  title={Returns to Local-Area Health Care Spending: Evidence from Health Shocks to Patients Far From Home},
  author={Doyle, J. and Joseph, J.},
  journal={American Economic Journal: Applied Economics},
  volume={3},
  number={3},
  pages={221--243},
  year={2011},
  publisher={American Economic Association}
}

@article{doyle2010returns,
  title={Returns to physician human capital: Evidence from patients randomized to physician teams},
  author={Doyle Jr, J.J. and Ewer, S.M. and Wagner, T.H.},
  journal={Journal of health economics},
  volume={29},
  number={6},
  pages={866--882},
  year={2010},
  publisher={Elsevier}
}

@article{dranove1994important,
  title={Do important drugs reach the market sooner?},
  author={Dranove, David and Meltzer, David},
  journal={The RAND Journal of Economics},
  pages={402--423},
  year={1994},
  publisher={JSTOR}
}

@book{dranove2009economic,
  title={The economic evolution of American health care: from Marcus Welby to managed care},
  author={Dranove, David},
  year={2009},
  publisher={Princeton University Press}
}

@article{duan1983comparison,
  title={A comparison of alternative models for the demand for medical care},
  author={Duan, Naihua and Manning, Willard G and Morris, Carl N and Newhouse, Joseph P},
  journal={Journal of business \& economic statistics},
  volume={1},
  number={2},
  pages={115--126},
  year={1983},
  publisher={Taylor \& Francis Group}
}

@article{duan1983smearing,
  title={Smearing estimate: a nonparametric retransformation method},
  author={Duan, Naihua},
  journal={Journal of the American Statistical Association},
  volume={78},
  number={383},
  pages={605--610},
  year={1983},
  publisher={Taylor \& Francis Group}
}

@article{dube2011coups,
  title={Coups, Corporations, and Classified Information},
  author={Dube, A. and Kaplan, E. and Naidu, S.},
  journal={The Quarterly Journal of Economics},
  volume={126},
  number={3},
  pages={1375--1409},
  year={2011},
  publisher={Oxford University Press}
}

@article{duflo2003grandmothers,
  title={Grandmothers and Granddaughters: Old-Age Pensions and Intrahousehold Allocation in South Africa},
  author={Duflo, Esther},
  journal={The World Bank Economic Review},
  volume={17},
  number={1},
  pages={1--25},
  year={2003},
  publisher={World Bank}
}

@article{duggan2010effect,
  title={The Effect of Medicare Part D on Pharmaceutical Prices and Utilization},
  author={Duggan, M. and Morton, F.S.},
  journal={American Economic Review},
  volume={100},
  number={1},
  pages={590--607},
  year={2010},
  publisher={American Economic Association}
}

@article{edlund2002have,
  title={Why have women become left-wing? The political gender gap and the decline in marriage},
  author={Edlund, Lena and Pande, Rohini},
  journal={The Quarterly Journal of Economics},
  volume={117},
  number={3},
  pages={917--961},
  year={2002},
  publisher={Oxford University Press}
}
@article{ehrlich1972market,
  title={Market insurance, self-insurance, and self-protection},
  author={Ehrlich, Isaac and Becker, Gary S},
  journal={The Journal of Political Economy},
  pages={623--648},
  year={1972},
  publisher={JSTOR}
}

@incollection{eichner1997health,
  title={Health expenditure persistence and the feasibility of medical savings accounts},
  author={Eichner, M.J. and McClellan, M.B. and Wise, D.A.},
  booktitle={Tax Policy and the Economy, Volume 11},
  pages={91--128},
  year={1997},
  publisher={MIT Press}
}

@article{ellis2000risk,
  title={Risk adjustment in competitive health plan markets},
  author={Ellis, Randall P and others},
  journal={Handbook of health economics},
  volume={1},
  pages={755--845},
  year={2000},
  publisher={Elsevier}
}

@article{enders1991causality,
  title={Causality between transnational terrorism and tourism: The case of Spain},
  author={Enders, W. and Sandler, T.},
  journal={Studies in Conflict \& Terrorism},
  volume={14},
  number={1},
  pages={49--58},
  year={1991},
  publisher={Taylor \& Francis}
}

@article{enders1996terrorism,
  title={Terrorism and foreign direct investment in Spain and Greece},
  author={Enders, W. and Sandler, T.},
  journal={Kyklos},
  volume={49},
  number={3},
  pages={331--352},
  year={1996},
  publisher={Wiley Online Library}
}

@article{engelhardt2011medicare,
  title={Medicare Part D and the financial protection of the elderly},
  author={Engelhardt, Gary V and Gruber, Jonathan},
  journal={American Economic Journal: Economic Policy},
  volume={3},
  number={4},
  pages={77--102},
  year={2011},
  publisher={American Economic Association}
}

@article{epple1991mobility,
  title={Mobility and redistribution},
  author={Epple, D. and Romer, T.},
  journal={Journal of Political economy},
  pages={828--858},
  year={1991},
  publisher={JSTOR}
}

@article{erikson1988puzzle,
  title={The puzzle of midterm loss},
  author={Erikson, Robert S},
  journal={The Journal of Politics},
  volume={50},
  number={04},
  pages={1011--1029},
  year={1988},
  publisher={Cambridge Univ Press}
}

@article{erikson2000equilibria,
  title={Equilibria in campaign spending games: Theory and data},
  author={Erikson, Robert S and Palfrey, Thomas R},
  journal={American Political Science Review},
  volume={94},
  number={03},
  pages={595--609},
  year={2000},
  publisher={Cambridge Univ Press}
}

@article{facchini2011interest,
  title={Do interest groups affect US immigration policy?},
  author={Facchini, Giovanni and Mayda, Anna Maria and Mishra, Prachi},
  journal={Journal of International Economics},
  volume={85},
  number={1},
  pages={114--128},
  year={2011},
  publisher={Elsevier}
}

@article{faccio2006political,
  title={Political connections and corporate bailouts},
  author={Faccio, M. and Masulis, R.W. and McConnell, J.},
  journal={The Journal of Finance},
  volume={61},
  number={6},
  pages={2597--2635},
  year={2006},
  publisher={Wiley Online Library}
}

@article{faccio2006politically,
  title={Politically connected firms},
  author={Faccio, M.},
  journal={The American economic review},
  volume={96},
  number={1},
  pages={369--386},
  year={2006},
  publisher={JSTOR}
}

@article{fama1970efficient,
  title={Efficient capital markets: A review of theory and empirical work},
  author={Fama, E.F.},
  journal={The journal of Finance},
  volume={25},
  number={2},
  pages={383--417},
  year={1970},
  publisher={JSTOR}
}

@article{fama1991efficient,
  title={Efficient capital markets: II},
  author={Fama, Eugene F},
  journal={The journal of finance},
  volume={46},
  number={5},
  pages={1575--1617},
  year={1991},
  publisher={Wiley Online Library}
}

@article{fama1998market,
  title={Market efficiency, long-term returns, and behavioral finance},
  author={Fama, E.F.},
  journal={Journal of financial economics},
  volume={49},
  number={3},
  pages={283--306},
  year={1998},
  publisher={Elsevier}
}

@article{fan2007politically,
  title={Politically connected CEOs, corporate governance, and Post-IPO performance of China's newly partially privatized firms},
  author={Fan, J.P.H. and Wong, T.J. and Zhang, T.},
  journal={Journal of financial economics},
  volume={84},
  number={2},
  pages={330--357},
  year={2007},
  publisher={Elsevier}
}

@article{farmer2005racial,
  title={Are racial disparities in health conditional on socioeconomic status?},
  author={Farmer, Melissa M and Ferraro, Kenneth F},
  journal={Social science \& medicine},
  volume={60},
  number={1},
  pages={191--204},
  year={2005},
  publisher={Elsevier}
}

@article{feenberg1994risk,
  title={The Risk and Duration of Catastrophic Health Care Expenditures},
  author={Feenberg, Daniel and Skinner, Jonathan and others},
  journal={The Review of Economics and Statistics},
  volume={76},
  number={4},
  pages={633--47},
  year={1994},
  publisher={MIT Press}
}

@article{feldstein1971hospital,
  title={Hospital cost inflation: A study of nonprofit price dynamics},
  author={Feldstein, M.S.},
  journal={The American Economic Review},
  volume={61},
  number={5},
  pages={853--872},
  year={1971},
  publisher={JSTOR}
}

@article{fernandez2007consumption,
  title={Consumption over the life cycle: Facts from consumer expenditure survey data},
  author={Fern{\'a}ndez-Villaverde, Jes{\'u}s and Krueger, Dirk},
  journal={The Review of Economics and Statistics},
  volume={89},
  number={3},
  pages={552--565},
  year={2007},
  publisher={MIT Press}
}

@article{fieldhouse2009effectiveness,
  title={The effectiveness of local party campaigns in 2005: combining evidence from campaign spending and agent survey data},
  author={Fieldhouse, Edward and Cutts, David},
  journal={British Journal of Political Science},
  volume={39},
  number={2},
  pages={367--388},
  year={2009},
  publisher={Cambridge University Press}
}

@article{finkelstein2004static,
  title={Static and dynamic effects of health policy: Evidence from the vaccine industry},
  author={Finkelstein, A.},
  journal={The Quarterly Journal of Economics},
  volume={119},
  number={2},
  pages={527--564},
  year={2004},
  publisher={Oxford University Press}
}

@article{finkelstein2007aggregate,
  title={The Aggregate Effects of Health Insurance: Evidence from the Introduction of Medicare*},
  author={Finkelstein, A.},
  journal={The Quarterly journal of economics},
  volume={122},
  number={1},
  pages={1--37},
  year={2007},
  publisher={MIT Press}
}

@article{finkelstein2008did,
  title={What did Medicare do? The initial impact of Medicare on mortality and out of pocket medical spending},
  author={Finkelstein, Amy and McKnight, Robin},
  journal={Journal of public economics},
  volume={92},
  number={7},
  pages={1644--1668},
  year={2008},
  publisher={Elsevier}
}


@article{finkelstein2011oregon,
  title={The Oregon health insurance experiment: evidence from the first year},
  author={Finkelstein, Amy and Taubman, Sarah and Wright, Bill and Bernstein, Mira and Gruber, Jonathan and Newhouse, Joseph P and Allen, Heidi and Baicker, Katherine and others},
  year={2011},
  institution={National Bureau of Economic Research}
}

@article{fisher2003implicationsp1,
  title={The implications of regional variations in Medicare spending. Part 1: the content, quality, and accessibility of care},
  author={Fisher, E.S. and Wennberg, D.E. and Stukel, T.A. and Gottlieb, D.J. and Lucas, F.L. and Pinder, E.L. and others},
  journal={Annals of internal medicine},
  volume={138},
  number={4},
  pages={273--287},
  year={2003},
  publisher={American College of Physicians}
}

@article{fisher2003implicationsp2,
  title={The implications of regional variations in Medicare spending. Part 2: health outcomes and satisfaction with care.},
  author={Fisher, ES and Wennberg, DE and Stukel, TA and Gottlieb, DJ and Lucas, FL and Pinder, EL and others},
  journal={Annals of internal medicine},
  volume={138},
  number={4},
  pages={288},
  year={2003}
}

@article{fisher2006relative,
  title={The relative electoral impact of central party coordination and size of party membership at constituency level},
  author={Fisher, Justin and Denver, David and Hands, Gordon},
  journal={Electoral Studies},
  volume={25},
  number={4},
  pages={664--676},
  year={2006},
  publisher={Elsevier}
}

@article{fisher2009evaluating,
  title={Evaluating the electoral effects of traditional and modern modes of constituency campaigning in Britain 1992--2005},
  author={Fisher, Justin and Denver, David},
  journal={Parliamentary Affairs},
  volume={62},
  number={2},
  pages={196--210},
  year={2009},
  publisher={Oxford University Press}
}

@article{fisher2011electoral,
  title={The electoral effectiveness of constituency campaigning in the 2010 British general election: the 'triumph' of Labour?},
  author={Fisher, Justin and Cutts, David and Fieldhouse, Edward},
  journal={Electoral Studies},
  volume={30},
  number={4},
  pages={816--828},
  year={2011},
  publisher={Elsevier}
}

@article{fisher2016all,
  title={Is all campaigning equally positive? The impact of district level campaigning on voter turnout at the 2010 British general election},
  author={Fisher, Justin and Fieldhouse, Edward and Johnston, Ron and Pattie, Charles and Cutts, David},
  journal={Party Politics},
  volume={22},
  number={2},
  pages={215--226},
  year={2016},
  publisher={SAGE Publications Sage UK: London, England}
}

@article{fisher2017impact,
  title={The Impact of Electoral Context on the Electoral Effectiveness of District-Level Campaigning: Popularity Equilibrium and the Case of the 2015 British General Election},
  author={Fisher, Justin and Cutts, David and Fieldhouse, Edward and Rottweiler, Bettina},
  journal={Political Studies},
  pages={0032321718764800},
  year={2017},
  publisher={SAGE Publications Sage UK: London, England}
}

@article{fisman2001estimating,
  title={Estimating the value of political connections},
  author={Fisman, R.},
  journal={The American Economic Review},
  volume={91},
  number={4},
  pages={1095--1102},
  year={2001},
  publisher={JSTOR}
}

@article{fisman2006estimating,
  title={Estimating the value of connections to Vice-President Cheney},
  author={Fisman, D. and Fisman, R. and Galef, J. and Khurana, R.},
  journal={Unpublished Paper},
  year={2006}
}

@article{french2004distribution,
  title={On the distribution and dynamics of health care costs},
  author={French, Eric and Jones, John Bailey},
  journal={Journal of Applied Econometrics},
  volume={19},
  number={6},
  pages={705--721},
  year={2004},
  publisher={Wiley Online Library}
}

@article{friedman2009incidence,
  title={The incidence of the Medicare prescription drug benefit: using asset prices to assess its impact on drug makers},
  author={Friedman, J.N.},
  journal={Harvard University},
  year={2009}
}

@article{fujiwara2010voting,
  title={Voting technology, political responsiveness, and infant health: evidence from Brazil},
  author={Fujiwara, T.},
  journal={Department of Economics, University of British Columbia. http://grad. econ. ubc. ca/fujiwara/jmp. pdf},
  year={2010}
}

@article{fung2001evaluation,
  title={Evaluation of the Characteristics of Safety Withdrawal of Prescription Drugs from Worldwide Pharmaceutical Markets-1960 to 1999*},
  author={Fung, Man and Thornton, Anna and Mybeck, Kathy and Wu, Jasmanda Hsiao-hui and Hornbuckle, Ken and Muniz, Edmundo},
  journal={Drug Information Journal},
  volume={35},
  number={1},
  pages={293--317},
  year={2001},
  publisher={SAGE Publications}
}

@article{gan2006health,
  title={Health shocks, village elections, and long-term income: evidence from rural China},
  author={Gan, L. and Xu, L.C. and Yao, Y.},
  year={2006},
  institution={National Bureau of Economic Research}
}

@incollection{garber1998persistence,
  title={Persistence of Medicare Expenditures among Elderly Beneficiaries},
  author={Garber, A.M. and MaCurdy, T.E. and McClellan, M.B.},
  booktitle={Frontiers in Health Policy Research, volume 1},
  pages={153--180},
  year={1998},
  publisher={MIT}
}

@article{gawande2000protection,
  title={Is protection for sale? Evidence on the Grossman-Helpman theory of endogenous protection},
  author={Gawande, K. and Bandyopadhyay, U.},
  journal={Review of Economics and Statistics},
  volume={82},
  number={1},
  pages={139--152},
  year={2000},
  publisher={MIT Press}
}

@article{gelman1990estimating,
  title={Estimating incumbency advantage without bias},
  author={Gelman, Andrew and King, Gary},
  journal={American Journal of Political Science},
  pages={1142--1164},
  year={1990},
  publisher={JSTOR}
}

@article{gelman1993american,
  title={Why are American presidential election campaign polls so variable when votes are so predictable?},
  author={Gelman, Andrew and King, Gary},
  journal={British Journal of Political Science},
  volume={23},
  number={04},
  pages={409--451},
  year={1993},
  publisher={Cambridge Univ Press}
}

@article{gelman1994unified,
  title={A unified method of evaluating electoral systems and redistricting plans},
  author={Gelman, Andrew and King, Gary},
  journal={American Journal of Political Science},
  pages={514--554},
  year={1994},
  publisher={JSTOR}
}

@article{gelman2004standard,
  title={Standard voting power indexes do not work: an empirical analysis},
  author={Gelman, Andrew and Katz, Jonathan N and Bafumi, Joseph},
  journal={British Journal of Political Science},
  volume={34},
  number={4},
  pages={657--674},
  year={2004},
  publisher={Cambridge University Press}
}

@article{gelman2006bayesian,
  title={Bayesian measures of explained variance and pooling in multilevel (hierarchical) models},
  author={Gelman, Andrew and Pardoe, Iain},
  journal={Technometrics},
  volume={48},
  number={2},
  pages={241--251},
  year={2006},
  publisher={Taylor \& Francis}
}

@book{gelman2006data,
  title={Data analysis using regression and multilevel/hierarchical models},
  author={Gelman, Andrew and Hill, Jennifer},
  year={2006},
  publisher={Cambridge University Press}
}

@article{gelman2008estimating,
  title={Estimating incumbency advantage and its variation, as an example of a before--after study},
  author={Gelman, Andrew and Huang, Zaiying},
  journal={Journal of the American Statistical Association},
  volume={103},
  number={482},
  pages={437--446},
  year={2008},
  publisher={Taylor \& Francis}
}

@article{gelman2012probability,
  title={What is the probability your vote will make a difference?},
  author={Gelman, Andrew and Silver, Nate and Edlin, Aaron},
  journal={Economic Inquiry},
  volume={50},
  number={2},
  pages={321--326},
  year={2012},
  publisher={Wiley Online Library}
}

@book{gelman2013bayesian,
  title={Bayesian data analysis},
  author={Gelman, Andrew and Carlin, John B and Stern, Hal S and Dunson, David B and Vehtari, Aki and Rubin, Donald B},
  year={2013},
  publisher={CRC press}
}

@article{gerber1998estimating,
  title={Estimating the effect of campaign spending on senate election outcomes using instrumental variables},
  author={Gerber, Alan},
  journal={American Political Science Review},
  volume={92},
  number={02},
  pages={401--411},
  year={1998},
  publisher={Cambridge Univ Press}
}

@article{gerber1998rational,
  title={Rational learning and partisan attitudes},
  author={Gerber, Alan and Green, Donald P},
  journal={American journal of political science},
  pages={794--818},
  year={1998},
  publisher={JSTOR}
}

@article{gerber2000effects,
  title={The effects of canvassing, telephone calls, and direct mail on voter turnout: A field experiment},
  author={Gerber, Alan S and Green, Donald P},
  journal={American political science review},
  volume={94},
  number={3},
  pages={653--663},
  year={2000},
  publisher={Cambridge University Press}
}


@article{gerber2004does,
  title={Does campaign spending work? Field experiments provide evidence and suggest new theory},
  author={Gerber, Alan S},
  journal={American Behavioral Scientist},
  volume={47},
  number={5},
  pages={541--574},
  year={2004},
  publisher={Sage Publications}
}

@article{gerber2011large,
  title={How large and long-lasting are the persuasive effects of televised campaign ads? Results from a randomized field experiment},
  author={Gerber, Alan S and Gimpel, James G and Green, Donald P and Shaw, Daron R},
  journal={American Political Science Review},
  volume={105},
  number={1},
  pages={135--150},
  year={2011},
  publisher={Cambridge University Press}
}

@article{gersen2008deadlines,
  title={Deadlines in Administrative Law},
  author={Gersen, Jacob and Joseph O'Connell, Anne},
  journal={University of Pennsylvania Law Review},
  year={2008}
}

@article{glied2008technological,
  title={Technological innovation and inequality in health},
  author={Glied, Sherry and Lleras-Muney, Adriana},
  journal={Demography},
  volume={45},
  number={3},
  pages={741--761},
  year={2008},
  publisher={Springer}
}

@article{goldberg1999protection,
  title={Protection for Sale: An Empirical Investigation},
  author={Goldberg, P.K. and Maggi, G.},
  journal={American Economic Review},
  pages={1135--1155},
  year={1999},
  publisher={JSTOR}
}

@article{goldman2002can,
  title={Can patient self-management help explain the SES health gradient?},
  author={Goldman, Dana P and Smith, James P},
  journal={Proceedings of the National Academy of Sciences},
  volume={99},
  number={16},
  pages={10929--10934},
  year={2002},
  publisher={National Acad Sciences}
}

@article{goldman2005theory,
  title={A theory of health disparities and medical technology},
  author={Goldman, Dana P and Lakdawalla, Darius N},
  journal={Contributions in Economic Analysis \& Policy},
  volume={4},
  number={1},
  year={2005}
}

@article{goldman2009politically,
  title={Do politically connected boards affect firm value?},
  author={Goldman, E. and Rocholl, J. and So, J.},
  journal={Review of Financial Studies},
  volume={22},
  number={6},
  pages={2331--2360},
  year={2009},
  publisher={Soc Financial Studies}
}

@inproceedings{goldman2011medical,
  title={Medical Expenditure Measures in the Health and Retirement Study},
  author={Goldman, Dana P and Zissimopoulos, Julie and Lu, Yang},
  booktitle={Forum for health economics \& policy},
  volume={14},
  number={3},
  year={2011}
}

@article{gornick1996effects,
  title={Effects of race and income on mortality and use of services among Medicare beneficiaries},
  author={Gornick, Marian E and Eggers, Paul W and Reilly, Thomas W and Mentnech, Renee M and Fitterman, Leslye K and Kucken, Lawrence E and Vladeck, Bruce C},
  journal={New England journal of medicine},
  volume={335},
  number={11},
  pages={791--799},
  year={1996},
  publisher={Mass Medical Soc}
}

@article{gourinchas2002consumption,
  title={Consumption over the life cycle},
  author={Gourinchas, Pierre-Olivier and Parker, Jonathan A},
  journal={Econometrica},
  volume={70},
  number={1},
  pages={47--89},
  year={2002},
  publisher={Wiley Online Library}
}

@article{green1988salvation,
  title={Salvation for the spendthrift incumbent: Reestimating the effects of campaign spending in House elections},
  author={Green, Donald Philip and Krasno, Jonathan S},
  journal={American Journal of Political Science},
  pages={884--907},
  year={1988},
  publisher={JSTOR}
}

@article{grier1991committee,
  title={Committee assignments, constituent preferences, and campaign contributions},
  author={Grier, Kevin B and Munger, Michael C},
  journal={Economic Inquiry},
  volume={29},
  number={1},
  pages={24--43},
  year={1991},
  publisher={Wiley Online Library}
}

@article{groseclose1996buying,
  title={Buying supermajorities},
  author={Groseclose, T. and Snyder Jr, J.M.},
  journal={American Political Science Review},
  pages={303--315},
  year={1996},
  publisher={JSTOR}
}

@article{gross2008racial,
  title={Racial disparities in cancer therapy},
  author={Gross, Cary P and Smith, Benjamin D and Wolf, Elizabeth and Andersen, Martin},
  journal={Cancer},
  volume={112},
  number={4},
  pages={900--908},
  year={2008},
  publisher={Wiley Online Library}
}

@article{grossman1972concept,
  title={On the concept of health capital and the demand for health},
  author={Grossman, Michael},
  journal={The Journal of Political Economy},
  pages={223--255},
  year={1972},
  publisher={JSTOR}
}

@article{grossman2000human,
  title={The human capital model},
  author={Grossman, Michael},
  journal={Handbook of health economics},
  volume={1},
  pages={347--408},
  year={2000},
  publisher={Elsevier}
}

@article{grossman1994protection,
  title={Protection for Sale},
  author={Grossman, G.M. and Helpman, E.},
  journal={The American Economic Review},
  pages={833--850},
  year={1994},
  publisher={JSTOR}
}

@book{grossman2002special,
  title={Special interest politics},
  author={Grossman, G.M. and Helpman, E.},
  year={2002},
  publisher={The MIT Press}
}

@article{gruber1997consumption,
  title={The Consumption Smoothing Benefits of Unemployment Insurance},
  author={Gruber, Jonathan},
  journal={The American Economic Review},
  volume={87},
  number={1},
  pages={192--205},
  year={1997}
}

@article{guidolin2007diamonds,
  title={Diamonds Are Forever, Wars Are Not: Is Conflict Bad for Private Firms?},
  author={Guidolin, M. and La Ferrara, E.},
  journal={The American Economic Review},
  volume={97},
  number={5},
  pages={1978--1993},
  year={2007},
  publisher={JSTOR}
}

@article{haber2011natural,
  title={Do Natural Resources Fuel Authoritarianism? A Reappraisal of the Resource Curse},
  author={Haber, S. and Menaldo, V.},
  journal={American Political Science Review},
  volume={105},
  number={01},
  pages={1--26},
  year={2011}
}

@article{hadley2011medical,
  title={Medical Spending and the Health of the Elderly},
  author={Hadley, J. and Waidmann, T. and Zuckerman, S. and Berenson, R.A.},
  journal={Health services research},
  year={2011},
  publisher={Wiley Online Library}
}

@article{hartman2008us,
  title={US health spending by age, selected years through 2004},
  author={Hartman, Micah and Catlin, Aaron and Lassman, David and Cylus, Jonathan and Heffler, Stephen},
  journal={Health Affairs},
  volume={27},
  number={1},
  pages={w1--w12},
  year={2008},
  publisher={Health Affairs}
}

@article{heisler2004health,
  title={The health effects of restricting prescription medication use because of cost},
  author={Heisler, Michele and Langa, Kenneth M and Eby, Elizabeth L and Fendrick, A Mark and Kabeto, Mohammed U and Piette, John D},
  journal={Medical care},
  volume={42},
  number={7},
  pages={626--634},
  year={2004},
  publisher={LWW}
}

@article{herrnson2009roles,
  title={The roles of party organizations, party-connected committees, and party allies in elections},
  author={Herrnson, Paul S},
  journal={The Journal of Politics},
  volume={71},
  number={04},
  pages={1207--1224},
  year={2009},
  publisher={Cambridge Univ Press}
}

@article{hesketh1997health,
  title={Health in China. The healthcare market.},
  author={Hesketh, T. and Zhu, W.X.},
  journal={BMJ: British Medical Journal},
  volume={314},
  number={7094},
  pages={1616},
  year={1997},
  publisher={BMJ Group}
}

@article{hibbs2000bread,
  title={Bread and peace voting in US presidential elections},
  author={Hibbs Jr, Douglas A},
  journal={Public Choice},
  volume={104},
  number={1-2},
  pages={149--180},
  year={2000},
  publisher={Springer}
}

@article{hillygus2003voter,
  title={Voter decision making in election 2000: Campaign effects, partisan activation, and the Clinton legacy},
  author={Hillygus, D Sunshine and Jackman, Simon},
  journal={American Journal of Political Science},
  volume={47},
  number={4},
  pages={583--596},
  year={2003},
  publisher={Wiley Online Library}
}

@article{hillygus2005campaign,
  title={Campaign effects and the dynamics of turnout intention in election 2000},
  author={Hillygus, D Sunshine},
  journal={Journal of Politics},
  volume={67},
  number={1},
  pages={50--68},
  year={2005},
  publisher={Wiley Online Library}
}

@article{ho2006effect,
  title={Effect of medication nonadherence on hospitalization and mortality among patients with diabetes mellitus},
  author={Ho, P Michael and Rumsfeld, John S and Masoudi, Frederick A and McClure, David L and Plomondon, Mary E and Steiner, John F and Magid, David J},
  journal={Archives of internal medicine},
  volume={166},
  number={17},
  pages={1836},
  year={2006},
  publisher={Am Med Assoc}
}

@book{hsiao2014analysis,
  title={Analysis of panel data},
  author={Hsiao, Cheng},
  volume={54},
  year={2014},
  publisher={Cambridge university press}
}

@inproceedings{huizinga2009hot,
  title={Hot hand or hot head? the truth about heat checks in the nba},
  author={Huizinga, John and Weil, Sandy},
  year={2009},
  organization={MIT Sloan Sports Analytics Conference}
}

@article{hurd2009level,
  title={The level and risk of out-of-pocket health care spending},
  author={Hurd, Michael D and Rohwedder, Susann},
  journal={Michigan Retirement Research Center Working Paper},
  volume={218},
  year={2009}
}

@article{husted1997effect,
  title={The Effect of the Expansion of the Voting Franchise on the Size of Government},
  author={Husted, T.A. and Kenny, L.W.},
  journal={Journal of Political Economy},
  pages={54--82},
  year={1997},
  publisher={JSTOR}
}

@article{hwang2001out,
  title={Out-of-pocket medical spending for care of chronic conditions},
  author={Hwang, W. and Weller, W. and Ireys, H. and Anderson, G.},
  journal={Health Affairs},
  volume={20},
  number={6},
  pages={267--278},
  year={2001},
  publisher={Health Affairs}
}

@article{ibrahim2010basic,
  title={Basic concepts and methods for joint models of longitudinal and survival data},
  author={Ibrahim, Joseph G and Chu, Haitao and Chen, Liddy M},
  journal={Journal of Clinical Oncology},
  volume={28},
  number={16},
  pages={2796--2801},
  year={2010},
  publisher={American Society of Clinical Oncology}
}

@article{igan2011fistful,
  title={A fistful of dollars: Lobbying and the financial crisis},
  author={Igan, D. and Mishra, P. and Tressel, T.},
  year={2011},
  institution={National Bureau of Economic Research}
}

@article{imai2005get,
  title={Do get-out-the-vote calls reduce turnout? The importance of statistical methods for field experiments},
  author={Imai, Kosuke},
  journal={American Political Science Review},
  volume={99},
  number={2},
  pages={283--300},
  year={2005},
  publisher={Cambridge University Press}
}

@article{imai2011estimation,
  title={Estimation of heterogeneous treatment effects from randomized experiments, with application to the optimal planning of the get-out-the-vote campaign},
  author={Imai, Kosuke and Strauss, Aaron},
  journal={Political Analysis},
  volume={19},
  number={1},
  pages={1--19},
  year={2011},
  publisher={Cambridge University Press}
}

@article{imai2013estimating,
  title={Estimating treatment effect heterogeneity in randomized program evaluation},
  author={Imai, Kosuke and Ratkovic, Marc and others},
  journal={The Annals of Applied Statistics},
  volume={7},
  number={1},
  pages={443--470},
  year={2013},
  publisher={Institute of Mathematical Statistics}
}

@article{jackman2004bayesian,
  title={Bayesian analysis for political research},
  author={Jackman, Simon},
  journal={Annu. Rev. Polit. Sci.},
  volume={7},
  pages={483--505},
  year={2004},
  publisher={Annual Reviews}
}

@article{jackman2005pooling,
  title={Pooling the polls over an election campaign},
  author={Jackman, Simon},
  journal={Australian Journal of Political Science},
  volume={40},
  number={4},
  pages={499--517},
  year={2005},
  publisher={Taylor \& Francis}
}

@book{jackman2009bayesian,
  title={Bayesian analysis for the social sciences},
  author={Jackman, Simon},
  volume={846},
  year={2009},
  publisher={John Wiley \& Sons}
}

@misc{jackman2012prediction,
  title={Pollster Predictions: 91.4\% Chance Obama Wins, 303 or
332 EVs},
  author={Jackman, Simon},
  editor={huffingtonpost.com},
  howpublished = "\url{http://www.huffingtonpost.com/simon-jackman/pollster-predictions_b_2081013.html}",
  month = {November},
  year = {2012}
}

@article{jacobson1978effects,
  title={The effects of campaign spending in congressional elections},
  author={Jacobson, Gary C},
  journal={American Political Science Review},
  volume={72},
  number={02},
  pages={469--491},
  year={1978},
  publisher={Cambridge Univ Press}
}

@book{jacobson1980money,
  title={Money in congressional elections},
  author={Jacobson, Gary C},
  year={1980},
  publisher={Yale University Press}
}

@article{jacobson1985money,
  title={Money and votes reconsidered: Congressional elections, 1972--1982},
  author={Jacobson, Gary C},
  journal={Public Choice},
  volume={47},
  number={1},
  pages={7--62},
  year={1985},
  publisher={Springer}
}

@article{jacobson1985party,
  title={Party organization and distribution of campaign resources: Republicans and Democrats in 1982},
  author={Jacobson, Gary C},
  journal={Political Science Quarterly},
  pages={603--625},
  year={1985},
  publisher={JSTOR}
}

@book{jacobson2003politics,
  title={Politics of Congressional Elections (Longman Classics Series)},
  author={Jacobson, Gary C and Fiorina, Morris P and Brady, David W},
  year={2003},
  publisher={Longman Publishing Group}
}


@article{jayachandran2006jeffords,
  title={The Jeffords Effect*},
  author={Jayachandran, S.},
  journal={Journal of Law and Economics},
  volume={49},
  number={2},
  pages={397--425},
  year={2006},
  publisher={JSTOR}
}

@article{jensen2005market,
  title={Market Responses to Politics The Rise of Lula and the Decline of the Brazilian Stock Market},
  author={Jensen, Nathan M and Schmith, Scott},
  journal={Comparative Political Studies},
  volume={38},
  number={10},
  pages={1245--1270},
  year={2005},
  publisher={Sage Publications}
}

@article{johansson2003intergovernmental,
  title={Intergovernmental grants as a tactical instrument: empirical evidence from Swedish municipalities},
  author={Johansson, Eva},
  journal={Journal of Public Economics},
  volume={87},
  number={5},
  pages={883--915},
  year={2003},
  publisher={Elsevier}
}

@article{johnson2003cronyism,
  title={Cronyism and capital controls: evidence from Malaysia},
  author={Johnson, S. and Mitton, T.},
  journal={Journal of Financial Economics},
  volume={67},
  number={2},
  pages={351--382},
  year={2003},
  publisher={Elsevier}
}

@article{johnson2004patient,
  title={Patient race/ethnicity and quality of patient-physician communication during medical visits},
  author={Johnson, Rachel L and Roter, Debra and Powe, Neil R and Cooper, Lisa A},
  journal={American journal of public health},
  volume={94},
  number={12},
  pages={2084--2090},
  year={2004},
  publisher={American Public Health Association}
}

@book{johnson2011,
  title={13 bankers: the Wall Street takeover and the next financial meltdown},
  author={Johnson, S.},
  year={2011},
  publisher={Vintage}
}

@article{jones2005leaders,
  title={Do leaders matter? National leadership and growth since World War II},
  author={Jones, B.F. and Olken, B.A.},
  journal={The Quarterly Journal of Economics},
  volume={120},
  number={3},
  pages={835--864},
  year={2005},
  publisher={Oxford University Press}
}

@article{jones2009hit,
  title={Hit or miss? The effect of assassinations on institutions and war},
  author={Jones, B.F. and Olken, B.A.},
  journal={American Economic Journal: Macroeconomics},
  pages={55--87},
  year={2009},
  publisher={JSTOR}
}

@book{joseph1993free,
  title={Free for all?: lessons from the RAND health insurance experiment},
  author={Joseph P. Newhouse and Rand Corporation. Insurance Experiment Group},
  year={1993},
  publisher={Harvard University Press}
}

@article{kaba2008race,
  title={Race, gender and progress: are Black American women the new model minority?},
  author={Kaba, Amadu Jacky},
  journal={Journal of African American Studies},
  volume={12},
  number={4},
  pages={309--335},
  year={2008},
  publisher={Springer}
}

@article{kaestner2010medicare,
  title={Medicare part D and its effect on the use of prescription drugs, use of other health care services and health of the elderly},
  author={Kaestner, Robert and Khan, Nasreen},
  year={2010},
  institution={National Bureau of Economic Research}
}

@article{kaestner2012medicare,
  title={Medicare Part D and Its Effect on the Use of Prescription Drugs and Use of Other Health Care Services of the Elderly},
  author={Kaestner, Robert and Khan, Nasreen},
  journal={Journal of Policy Analysis and Management},
  year={2012},
  publisher={Wiley Online Library}
}

@article{karabarbounis2011one,
  title={One Dollar, One Vote*},
  author={Karabarbounis, L.},
  journal={The Economic Journal},
  volume={121},
  number={553},
  pages={621--651},
  year={2011},
  publisher={Wiley Online Library}
}

@article{karp2007getting,
  title={Getting out the vote: Party mobilization in a comparative perspective},
  author={Karp, Jeffrey A and Banducci, Susan A and Bowler, Shaun},
  journal={British Journal of Political Science},
  volume={38},
  number={1},
  pages={91--112},
  year={2007},
  publisher={Cambridge University Press}
}

@article{kastellec2008predicting,
  title={Predicting and dissecting the seats-votes curve in the 2006 US House election},
  author={Kastellec, Jonathan P and Gelman, Andrew and Chandler, Jamie P},
  journal={PS: Political Science \& Politics},
  volume={41},
  number={01},
  pages={139--145},
  year={2008},
  publisher={Cambridge Univ Press}
}

@article{kau1982general,
  title={A general equilibrium model of congressional voting},
  author={Kau, James B and Keenan, Donald and Rubin, Paul H},
  journal={The Quarterly Journal of Economics},
  pages={271--293},
  year={1982},
  publisher={JSTOR}
}

@article{keehan2006reconciling,
  title={Reconciling medical expenditure estimates from the MEPS and NHEA, 2002},
  author={Keehan, Sean P},
  journal={Health Care Financing Review},
  volume={28},
  number={1},
  pages={25},
  year={2006}
}

@article{kenkel1994demand,
  title={The demand for preventive medical care},
  author={Kenkel, Donald S},
  journal={Applied Economics},
  volume={26},
  number={4},
  pages={313--325},
  year={1994},
  publisher={Taylor \& Francis}
}

@article{ketcham2008medicare,
  title={Medicare Part D's effects on elderly patients' drug costs and utilization.},
  author={Ketcham, JD and Simon, KI and others},
  journal={The American journal of managed care},
  volume={14},
  number={11 Suppl},
  pages={SP14},
  year={2008}
}

@article{khwaja2005lenders,
  title={Do lenders favor politically connected firms? Rent provision in an emerging financial market},
  author={Khwaja, A.I. and Mian, A.},
  journal={The Quarterly Journal of Economics},
  volume={120},
  number={4},
  pages={1371--1411},
  year={2005},
  publisher={Oxford University Press}
}

@article{king1991systemic,
  title={Systemic consequences of incumbency advantage in US House elections},
  author={King, Gary and Gelman, Andrew},
  journal={American Journal of Political Science},
  pages={110--138},
  year={1991},
  publisher={JSTOR}
}

@article{king2000making,
  title={Making the most of statistical analyses: Improving interpretation and presentation},
  author={King, Gary and Tomz, Michael and Wittenberg, Jason},
  journal={American journal of political science},
  pages={347--361},
  year={2000},
  publisher={JSTOR}
}

@article{king2001counting,
  title={Counting the votes: South Carolina's stolen election of 1876},
  author={King, Ronald F},
  journal={Journal of Interdisciplinary History},
  volume={32},
  number={2},
  pages={169--191},
  year={2001},
  publisher={MIT Press}
}

@article{king2001most,
  title={A Most Corrupt Election: Louisiana in 1876},
  author={King, Ronald F},
  journal={Studies in American Political Development},
  volume={15},
  number={02},
  pages={123--137},
  year={2001},
  publisher={Cambridge Univ Press}
}

@article{kinsey2008secular,
  title={Secular trends in mortality from common cancers in the United States by educational attainment, 1993--2001},
  author={Kinsey, Tracy and Jemal, Ahmedin and Liff, Jonathan and Ward, Elizabeth and Thun, Michael},
  journal={Journal of the National Cancer Institute},
  volume={100},
  number={14},
  pages={1003--1012},
  year={2008},
  publisher={Oxford University Press}
}

@article{klarner2008forecasting,
  title={Forecasting the 2008 us house, senate and presidential elections at the district and state level},
  author={Klarner, Carl},
  journal={PS: Political Science \& Politics},
  volume={41},
  number={04},
  pages={723--728},
  year={2008},
  publisher={Cambridge Univ Press}
}

@article{knight2000supermajority,
  title={Supermajority voting requirements for tax increases: evidence from the states},
  author={Knight, Brian G},
  journal={Journal of Public Economics},
  volume={76},
  number={1},
  pages={41--67},
  year={2000},
  publisher={Elsevier}
}

@article{knight2006policy,
  title={Are policy platforms capitalized into equity prices? Evidence from the Bush/Gore 2000 presidential election},
  author={Knight, B.},
  journal={Journal of Public Economics},
  volume={90},
  number={4},
  pages={751--773},
  year={2006},
  publisher={Elsevier}
}

@article{kohn2012dynamics,
  title={The Dynamics of Medical Care Use in the British Household Panel Survey},
  author={Kohn, J.L. and Liu, J.S.},
  journal={Health Economics},
  year={2012},
  publisher={Wiley Online Library}
}

@article{kolstad2010impact,
  title={The impact of health care reform on hospital and preventive care: Evidence from massachusetts},
  author={Kolstad, Jonathan T and Kowalski, Amanda E},
  year={2010},
  institution={National Bureau of Economic Research}
}

@book{koop2007bayesian,
  title={Bayesian econometric methods},
  author={Koop, Gary and Poirier, Dale J and Tobias, Justin L},
  year={2007},
  publisher={Cambridge University Press}
}

@article{kopczuk2007leave,
  title={To leave or not to leave: The distribution of bequest motives},
  author={Kopczuk, Wojciech and Lupton, Joseph P},
  journal={The Review of Economic Studies},
  volume={74},
  number={1},
  pages={207--235},
  year={2007},
  publisher={Oxford University Press}
}

@book{kousser1974shaping,
  title={The shaping of southern politics: Suffrage restriction and the establishment of the one-party South, 1880-1910},
  author={Kousser, J Morgan},
  year={1974},
  publisher={Yale University Press New Haven}
}

@article{kowalski2015censored,
  title={Censored quantile instrumental variable estimates of the price elasticity of expenditure on medical care},
  author={Kowalski, Amanda},
  journal={Journal of Business \& Economic Statistics},
  number={just-accepted},
  pages={00--00},
  year={2015},
  publisher={Taylor \& Francis}
}

@article{krasno2008televised,
  title={Do televised presidential ads increase voter turnout? Evidence from a natural experiment},
  author={Krasno, Jonathan S and Green, Donald P},
  journal={The Journal of Politics},
  volume={70},
  number={1},
  pages={245--261},
  year={2008},
  publisher={Cambridge University Press New York, USA}
}

@article{krehbiel1993s,
  title={Wheres the Party?},
  author={Krehbiel, Keith},
  journal={British Journal of Political Science},
  volume={23},
  number={2},
  pages={235--266},
  year={1993},
  publisher={Cambridge Univ Press}
}

@article{krehbiel1996institutional,
  title={Institutional and Partisan Sources of Gridlock A Theory of Divided and Unified Government},
  author={Krehbiel, Keith},
  journal={Journal of Theoretical Politics},
  volume={8},
  number={1},
  pages={7--40},
  year={1996},
  publisher={Sage Publications}
}

@book{krehbiel1998pivotal,
  title={Pivotal Politics: A Theory of US Lawmaking},
  author={Krehbiel, Keith},
  year={1998},
  publisher={University of Chicago Press}
}

@article{kroszner1998interest,
  title={Interest-group competition and the organization of congress: theory and evidence from financial services' political action committees},
  author={Kroszner, Randall S and Stratmann, Thomas},
  journal={American Economic Review},
  pages={1163--1187},
  year={1998},
  publisher={JSTOR}
}

@book{laffont1993theory,
  title={A theory of incentives in procurement and regulation},
  author={Laffont, J.J. and Tirole, J.},
  year={1993},
  publisher={the MIT Press}
}
@article{lakdawalla2009insurer,
  title={Insurer Bargaining and Negotiated Drug Prices in Medicare Part D},
  author={Lakdawalla, Darius and Yin, Wesley},
  year={2009},
  institution={National Bureau of Economic Research}
}

@article{lasser2002timing,
  title={Timing of new black box warnings and withdrawals for prescription medications},
  author={Lasser, Karen E and Allen, Paul D and Woolhandler, Steffie J and Himmelstein, David U and Wolfe, Sidney M and Bor, David H},
  journal={JAMA: the journal of the American Medical Association},
  volume={287},
  number={17},
  pages={2215--2220},
  year={2002},
  publisher={Am Med Assoc}
}

@article{leblang2004presidential,
  title={Presidential elections and the stock market: comparing Markov-switching and Fractionally Integrated GARCH models of volatility},
  author={Leblang, David and Mukherjee, Bumba},
  journal={Political Analysis},
  volume={12},
  number={3},
  pages={296--322},
  year={2004},
  publisher={SPM-PMSAPSA}
}

@article{leblang2005government,
  title={Government partisanship, elections, and the stock market: examining American and British stock returns, 1930--2000},
  author={Leblang, David and Mukherjee, Bumba},
  journal={American Journal of Political Science},
  volume={49},
  number={4},
  pages={780--802},
  year={2005},
  publisher={Wiley Online Library}
}

@techreport{lee2001electoral,
  title={The Electoral Advantage to Incumbency and Voters' Valuation of Politicians' Experience: A Regression Discontinuity Analysis of Elections to the US..},
  author={Lee, David S},
  year={2001},
  institution={National bureau of economic research}
}

@article{lee2004voters,
  title={Do voters affect or elect policies? Evidence from the US House},
  author={Lee, D.S. and Moretti, E. and Butler, M.J.},
  journal={The Quarterly Journal of Economics},
  volume={119},
  number={3},
  pages={807--859},
  year={2004},
  publisher={Oxford University Press}
}

@article{lee2006effect,
  title={Effect of a pharmacy care program on medication adherence and persistence, blood pressure, and low-density lipoprotein cholesterol},
  author={Lee, Jeannie K and Grace, Karen A and Taylor, Allen J},
  journal={JAMA: the journal of the American Medical Association},
  volume={296},
  number={21},
  pages={2563--2571},
  year={2006},
  publisher={Am Med Assoc}
}

@article{levitt1994using,
  title={Using repeat challengers to estimate the effect of campaign spending on election outcomes in the US House},
  author={Levitt, Steven D},
  journal={Journal of Political Economy},
  pages={777--798},
  year={1994},
  publisher={JSTOR}
}

@article{levitt1996senators,
  title={How do senators vote? Disentangling the role of voter preferences, party affiliation, and senator ideology},
  author={Levitt, S.D.},
  journal={The American Economic Review},
  pages={425--441},
  year={1996},
  publisher={JSTOR}
}

@article{levendusky2008measuring,
  title={Measuring district-level partisanship with implications for the analysis of US elections},
  author={Levendusky, Matthew S and Pope, Jeremy C and Jackman, Simon D},
  journal={The Journal of Politics},
  volume={70},
  number={03},
  pages={736--753},
  year={2008},
  publisher={Cambridge Univ Press}
}

@article{levy2008impact,
  title={The impact of health insurance on health},
  author={Levy, Helen and Meltzer, David},
  journal={Annu. Rev. Public Health},
  volume={29},
  pages={399--409},
  year={2008},
  publisher={Annual Reviews}
}

@article{levy2009take,
  title={Take-up of Medicare Part D: results from the Health and Retirement Study},
  author={Levy, Helen and Weir, David},
  year={2009},
  institution={National Bureau of Economic Research}
}

@article{li2008semiparametric,
  title={Semiparametric Bayesian inference for dynamic Tobit panel data models with unobserved heterogeneity},
  author={Li, Tong and Zheng, Xiaoyong},
  journal={Journal of Applied Econometrics},
  volume={23},
  number={6},
  pages={699--728},
  year={2008},
  publisher={Wiley Online Library}
}

@article{lichtenberg2007impact,
  title={The impact of new drugs on US longevity and medical expenditure, 1990-2003: Evidence from longitudinal, disease-level data},
  author={Lichtenberg, F.R.},
  journal={The American economic review},
  volume={97},
  number={2},
  pages={438--443},
  year={2007},
  publisher={JSTOR}
}

@article{lichtenberg2007impact,
  title={The impact of Medicare Part D on prescription drug use by the elderly},
  author={Lichtenberg, Frank R and Sun, Shawn X},
  journal={Health Affairs},
  volume={26},
  number={6},
  pages={1735--1744},
  year={2007},
  publisher={Health Affairs}
}

@article{lijphart1997unequal,
  title={Unequal participation: democracy's unresolved dilemma},
  author={Lijphart, A.},
  journal={American Political Science Review},
  pages={1--14},
  year={1997},
  publisher={JSTOR}
}

@article{lin2000linear,
  title={Linear regression analysis of censored medical costs},
  author={Lin, DY},
  journal={Biostatistics},
  volume={1},
  number={1},
  pages={35--47},
  year={2000},
  publisher={Biometrika Trust}
}

@article{lindbeck1987balanced,
  title={Balanced-budget redistribution as the outcome of political competition},
  author={Lindbeck, Assar and Weibull, J{\"o}rgen W},
  journal={Public Choice},
  volume={52},
  number={3},
  pages={273--297},
  year={1987},
  publisher={Springer}
}

@article{link1995social,
  title={Social conditions as fundamental causes of disease},
  author={Link, B.G. and Phelan, J.},
  journal={Journal of health and social behavior},
  pages={80--94},
  year={1995},
  publisher={JSTOR}
}

@article{linzer2013dynamic,
  title={Dynamic Bayesian Forecasting of Presidential Elections in the States},
  author={Linzer, Drew A},
  journal={Journal of the American Statistical Association},
  volume={108},
  number={501},
  pages={124--134},
  year={2013},
  publisher={Taylor \& Francis Group}
}

@article{liu2011impact,
  title={The Impact of Medicare Part D on Out-of-Pocket Costs for Prescription Drugs, Medication Utilization, Health Resource Utilization, and Preference-Based Health Utility},
  author={Liu, Frank Xiaoqing and Alexander, G Caleb and Crawford, Stephanie Y and Pickard, A Simon and Hedeker, Donald and Walton, Surrey M},
  journal={Health services research},
  volume={46},
  number={4},
  pages={1104--1123},
  year={2011},
  publisher={Wiley Online Library}
}

@techreport{lleras2002effect,
  title={The effect of education on medical technology adoption: are the more educated more likely to use new drugs},
  author={Lleras-Muney, Adriana and Lichtenberg, Frank R},
  year={2002},
  institution={National Bureau of Economic Research}
}

@article{lock2010bayesian,
  title={Bayesian combination of state polls and election forecasts},
  author={Lock, Kari and Gelman, Andrew},
  journal={Political Analysis},
  volume={18},
  number={3},
  pages={337--348},
  year={2010},
  publisher={SPM-PMSAPSA}
}

@article{londregan1990poverty,
  title={Poverty, the coup trap, and the seizure of executive power},
  author={Londregan, J.B. and Poole, K.T.},
  journal={World Politics},
  volume={42},
  number={02},
  pages={151--183},
  year={1990},
  publisher={Cambridge Univ Press}
}

@article{lott1999did,
  title={Did Women's Suffrage Change the Size and Scope of Government?},
  author={Lott Jr, John R and Kenny, Lawrence W},
  journal={Journal of Political Economy},
  volume={107},
  number={6  pt 1},
  year={1999},
  publisher={Citeseer}
}

@article{lowi1964american,
  title={American business, public policy, case-studies, and political theory},
  author={Lowi, Theodore J},
  journal={World politics},
  volume={16},
  number={4},
  pages={677--715},
  year={1964},
  publisher={Cambridge Univ Press}
}

@article{lowi1972four,
  title={Four systems of policy, politics, and choice},
  author={Lowi, Theodore J},
  journal={Public administration review},
  pages={298--310},
  year={1972},
  publisher={JSTOR}
}

@article{lynch2003cohort,
  title={Cohort and life-course patterns in the relationship between education and health: A hierarchical approach},
  author={Lynch, S.M.},
  journal={Demography},
  volume={40},
  number={2},
  pages={309--331},
  year={2003},
  publisher={Springer}
}

@article{lynch2005new,
  title={A new approach to estimating life tables with covariates and constructing interval estimates of life table quantities},
  author={Lynch, Scott M and Brown, J Scott},
  journal={Sociological Methodology},
  volume={35},
  number={1},
  pages={177--225},
  year={2005},
  publisher={Wiley Online Library}
}

@article{mackinlay1997event,
  title={Event studies in economics and finance},
  author={MacKinlay, A.C.},
  journal={Journal of economic literature},
  volume={35},
  number={1},
  pages={13--39},
  year={1997},
  publisher={JSTOR}
}

@article{maddala1999comparative,
  title={A comparative study of unit root tests with panel data and a new simple test},
  author={Maddala, G.S. and Wu, S.},
  journal={Oxford Bulletin of Economics and statistics},
  volume={61},
  number={S1},
  pages={631--652},
  year={1999},
  publisher={Wiley Online Library}
}

@article{madden2008cost,
  title={Cost-related medication nonadherence and spending on basic needs following implementation of Medicare Part D},
  author={Madden, Jeanne M and Graves, Amy J and Zhang, Fang and Adams, Alyce S and Briesacher, Becky A and Ross-Degnan, Dennis and Gurwitz, Jerry H and Pierre-Jacques, Marsha and Safran, Dana Gelb and Adler, Gerald S and others},
  journal={JAMA: the journal of the American Medical Association},
  volume={299},
  number={16},
  pages={1922--1928},
  year={2008},
  publisher={Am Med Assoc}
}

@incollection{marshall2011risk,
  title={The risk of out-of-pocket health care expenditure at the end of life},
  author={Marshall, Samuel and McGarry, Kathleen and Skinner, Jonathan S},
  booktitle={Explorations in the Economics of Aging},
  pages={101--128},
  year={2011},
  publisher={University of Chicago Press}
}

@article{madden2008sample,
  title={Sample selection versus two-part models revisited: The case of female smoking and drinking},
  author={Madden, David},
  journal={Journal of health economics},
  volume={27},
  number={2},
  pages={300--307},
  year={2008},
  publisher={Elsevier}
}

@article{mayberry2000racial,
  title={Racial and ethnic differences in access to medical care},
  author={Mayberry, Robert M and Mili, Fatima and Ofili, Elizabeth},
  journal={Medical Care Research and Review},
  volume={57},
  number={4 suppl},
  pages={108--145},
  year={2000},
  publisher={Sage Publications}
}

@book{mayhew2005divided,
  title={Divided we govern: Party control, lawmaking and investigations, 1946-2002},
  author={Mayhew, David R},
  year={2005},
  publisher={Yale University Press}
}

@article{maisel2004medical,
  title={Medical device regulation: an introduction for the practicing physician},
  author={Maisel, William H},
  journal={Ann Intern Med},
  volume={140},
  number={4},
  pages={296--302},
  year={2004}
}

@article{manning1987health,
  title={Health insurance and the demand for medical care: evidence from a randomized experiment},
  author={Manning, W.G. and Newhouse, J.P. and Duan, N. and Keeler, E.B. and Leibowitz, A.},
  journal={The American Economic Review},
  pages={251--277},
  year={1987},
  publisher={JSTOR}
}

@article{manning2005generalized,
  title={Generalized modeling approaches to risk adjustment of skewed outcomes data},
  author={Manning, Willard G and Basu, Anirban and Mullahy, John},
  journal={Journal of health economics},
  volume={24},
  number={3},
  pages={465--488},
  year={2005},
  publisher={Elsevier}
}

@article{marsh2004none,
  title={None of that Post-modern stuff around here: Grassroots campaigning in the 2002 Irish General Election},
  author={Marsh, Michael},
  journal={British Elections \& Parties Review},
  volume={14},
  number={1},
  pages={245--267},
  year={2004},
  publisher={Taylor \& Francis}
}

@article{martinez2008racial,
  title={Racial and ethnic differences in treatment and survival among adults with primary extremity soft-tissue sarcoma},
  author={Martinez, Steve R and Robbins, Anthony S and Meyers, Frederick J and Bold, Richard J and Khatri, Vijay P and Goodnight, James E},
  journal={Cancer},
  volume={112},
  number={5},
  pages={1162--1168},
  year={2008},
  publisher={Wiley Online Library}
}

@article{martinez2012effects,
  title={The Effects of Democratization on Public Goods and Redistribution: Evidence from China},
  author={Martinez-Bravo, M. and Qian, N. and Yao, Y. and others},
  year={2012},
  institution={National Bureau of Economic Research}
}

@book{mccarty2006polarized,
  title={Polarized America: The dance of ideology and unequal riches},
  author={McCarty, Nolan and Poole, Keith T and Rosenthal, Howard},
  year={2006},
  publisher={mit Press}
}

@article{mccarty2007policy,
  title={The policy effects of political polarization},
  author={McCarty, Nolan},
  journal={The Transformation of American Politics: Activist Government and the Rise of Conservatism},
  pages={223--55},
  year={2007},
  publisher={Princeton: Princeton University Press}
}

@article{mcclellan2006incidence,
  title={The incidence of Medicare},
  author={McClellan, Mark and Skinner, Jonathan},
  journal={Journal of Public Economics},
  volume={90},
  number={1},
  pages={257--276},
  year={2006},
  publisher={Elsevier}
}

@article{mccubbins1984congressional,
  title={Congressional oversight overlooked: Police patrols versus fire alarms},
  author={McCubbins, Mathew D and Schwartz, Thomas},
  journal={American Journal of Political Science},
  pages={165--179},
  year={1984},
  publisher={JSTOR}
}

@article{mccubbins1987administrative,
  title={Administrative procedures as instruments of political control},
  author={McCubbins, M.D. and Noll, R.G. and Weingast, B.R.},
  journal={Journal of Law, Economics, \& Organization},
  pages={243--277},
  year={1987},
  publisher={JSTOR}
}

@article{mccubbins1989structure,
  title={Structure and process, politics and policy: Administrative arrangements and the political control of agencies},
  author={McCubbins, M.D. and Noll, R.G. and Weingast, B.R.},
  journal={Virginia Law Review},
  pages={431--482},
  year={1989},
  publisher={JSTOR}
}

@incollection{mccubbins1991party,
  title={Party governance and US budget deficits: Divided government and fiscal stalemate},
  author={McCubbins, Mathew D},
  booktitle={Politics and Economics in the Eighties},
  pages={83--122},
  year={1991},
  publisher={University of Chicago Press}
}

@article{mcginnis2002case,
  title={The case for more active policy attention to health promotion},
  author={McGinnis, J Michael and Williams-Russo, Pamela and Knickman, James R},
  journal={Health Affairs},
  volume={21},
  number={2},
  pages={78--93},
  year={2002},
  publisher={Health Affairs}
}

@article{mcguire2006implementing,
  title={Implementing the Institute of Medicine definition of disparities: an application to mental health care},
  author={McGuire, Thomas G and Alegria, Margarita and Cook, Benjamin L and Wells, Kenneth B and Zaslavsky, Alan M},
  journal={Health services research},
  volume={41},
  number={5},
  pages={1979--2005},
  year={2006},
  publisher={Wiley Online Library}
}

@article{mcknight2006home,
  title={Home care reimbursement, long-term care utilization, and health outcomes},
  author={McKnight, R.},
  journal={Journal of Public Economics},
  volume={90},
  number={1},
  pages={293--323},
  year={2006},
  publisher={Elsevier}
}

@article{meltzer1981rational,
  title={A rational theory of the size of government},
  author={Meltzer, A.H. and Richard, S.F.},
  journal={The Journal of Political Economy},
  pages={914--927},
  year={1981},
  publisher={JSTOR}
}

@article{mettler2004consequences,
  title={The consequences of public policy for democratic citizenship: Bridging policy studies and mass politics},
  author={Mettler, Suzanne and Soss, Joe},
  journal={Perspectives on politics},
  volume={2},
  number={01},
  pages={55--73},
  year={2004},
  publisher={Cambridge Univ Press}
}

@article{mian2010Apolitical,
  title={The political economy of the US mortgage default crisis},
  author={Mian, A. and Sufi, A. and Trebbi, F.},
  journal={American Economic Review},
  year={2010},
  volume={100},
  number={5},
  pages={1967--1998},
  institution={National Bureau of Economic Research}
}

@article{mian2010Bpolitical,
  title={The political economy of the subprime mortgage credit expansion},
  author={Mian, A. and Sufi, A. and Trebbi, F.},
  year={2010},
  institution={National Bureau of Economic Research}
}

@article{milanovic2000median,
  title={The median-voter hypothesis, income inequality, and income redistribution: an empirical test with the required data},
  author={Milanovic, B.},
  journal={European Journal of Political Economy},
  volume={16},
  number={3},
  pages={367--410},
  year={2000},
  publisher={Elsevier}
}

@article{miller2008women,
  title={Women's suffrage, political responsiveness, and child survival in American history},
  author={Miller, G.},
  journal={The quarterly journal of economics},
  volume={123},
  number={3},
  pages={1287--1327},
  year={2008},
  publisher={Oxford University Press}
}

@article{millett2010impact,
  title={Impact of Medicare Part D on seniors' out-of-pocket expenditures on medications},
  author={Millett, Christopher and Everett, Charles J and Matheson, Eric M and Bindman, Andrew B and Mainous III, Arch G},
  journal={Archives of internal medicine},
  volume={170},
  number={15},
  pages={1325},
  year={2010},
  publisher={Am Med Assoc}
}

@article{mitchell2000managerial,
  title={Managerial Decisions and Long-Term Stock Price Performance*},
  author={Mitchell, M.L. and Stafford, E.},
  journal={The Journal of Business},
  volume={73},
  number={3},
  pages={287--329},
  year={2000},
  publisher={JSTOR}
}

@article{mitra1999endogenous,
  title={Endogenous lobby formation and endogenous protection: a long-run model of trade policy determination},
  author={Mitra, D.},
  journal={American Economic Review},
  pages={1116--1134},
  year={1999},
  publisher={JSTOR}
}

@article{mitton2002cross,
  title={A cross-firm analysis of the impact of corporate governance on the East Asian financial crisis},
  author={Mitton, Todd},
  journal={Journal of financial economics},
  volume={64},
  number={2},
  pages={215--241},
  year={2002},
  publisher={Elsevier}
}

@article{mokdad2004actual,
  title={Actual causes of death in the United States, 2000},
  author={Mokdad, Ali H and Marks, James S and Stroup, Donna F and Gerberding, Julie L},
  journal={Jama},
  volume={291},
  number={10},
  pages={1238--1245},
  year={2004},
  publisher={American Medical Association}
}

@article{monheit2003persistence,
  title={Persistence in health expenditures in the short run: prevalence and consequences},
  author={Monheit, A.C.},
  journal={Medical Care},
  volume={41},
  number={7},
  pages={III},
  year={2003}
}

@article{montaner2001industry,
  title={Industry-sponsored clinical research: a double-edged sword},
  author={Montaner, J.S.G. and O'Shaughnessy, M.V. and Schechter, M.T.},
  journal={The Lancet},
  volume={358},
  number={9296},
  pages={1893--1895},
  year={2001},
  publisher={Elsevier}
}

@article{mulligan2004democracies,
  title={Do Democracies Have Different Public Policies than Nondemocracies?},
  author={Mulligan, C.B. and Gil, R. and Sala-i-Martin, X.},
  journal={Journal of Economic Perspectives},
  pages={51--74},
  year={2004},
  publisher={JSTOR}
}

@article{naidu2012suffrage,
  title={Suffrage, schooling, and sorting in the post-bellum US South},
  author={Naidu, Suresh},
  year={2012},
  institution={National Bureau of Economic Research}
}

@article{nardinelli359daniel,
  title={Daniel Carpenter. 2008.Drug Review Deadlines and Safety Problems [Correspondence]},
  author={Nardinelli, Clark and Lanthier, Michael and Temple, Robert},
  journal={New England Journal of Medicine},
  volume={359},
  year={2008},
  pages={95--98}
}

@article{needler1966political,
  title={Political development and military intervention in Latin America},
  author={Needler, M.C.},
  journal={The American Political Science Review},
  volume={60},
  number={3},
  pages={616--626},
  year={1966},
  publisher={JSTOR}
}

@article{neelon2010bayesian,
  title={A Bayesian model for repeated measures zero-inflated count data with application to outpatient psychiatric service use},
  author={Neelon, Brian H and O'Malley, A James and Normand, Sharon-Lise T},
  journal={Statistical Modelling},
  volume={10},
  number={4},
  pages={421--439},
  year={2010},
  publisher={SAGE Publications}
}

@article{neelon2011bayesian,
  title={A Bayesian Two-Part Latent Class Model for Longitudinal Medical Expenditure Data: Assessing the Impact of Mental Health and Substance Abuse Parity},
  author={Neelon, Brian and O'Malley, A James and Normand, Sharon-Lise T},
  journal={Biometrics},
  volume={67},
  number={1},
  pages={280--289},
  year={2011},
  publisher={Wiley Online Library}
}

@article{neuman2007medicare,
  title={Medicare prescription drug benefit progress report: findings from a 2006 national survey of seniors},
  author={Neuman, Patricia and Strollo, Michelle Kitchman and Guterman, Stuart and Rogers, William H and Li, Angela and Rodday, Angie Mae C and Safran, Dana Gelb},
  journal={Health Affairs},
  volume={26},
  number={5},
  pages={w630--w643},
  year={2007},
  publisher={Health Affairs}
}

@article{newhouse1992medical,
  title={Medical care costs: how much welfare loss?},
  author={Newhouse, J.P.},
  journal={The Journal of Economic Perspectives},
  pages={3--21},
  year={1992},
  publisher={JSTOR}
}

@book{newhouse2004pricing,
  title={Pricing the priceless: a health care conundrum},
  author={Newhouse, J.P.},
  volume={2},
  year={2004},
  publisher={MIT Press}
}

@article{nichols2004market,
  title={Are market forces strong enough to deliver efficient health care systems? Confidence is waning},
  author={Nichols, L.M. and Ginsburg, P.B. and Berenson, R.A. and Christianson, J. and Hurley, R.E.},
  journal={Health Affairs},
  volume={23},
  number={2},
  pages={8--21},
  year={2004},
  publisher={Health Affairs}
}

@article{niven2001limits,
  title={The limits of mobilization: Turnout evidence from state house primaries},
  author={Niven, David},
  journal={Political Behavior},
  volume={23},
  number={4},
  pages={335--350},
  year={2001},
  publisher={Springer}
}

@article{olsen2001two,
  title={A two-part random-effects model for semicontinuous longitudinal data},
  author={Olsen, Maren K and Schafer, Joseph L},
  journal={Journal of the American Statistical Association},
  volume={96},
  number={454},
  pages={730--745},
  year={2001},
  publisher={Taylor \& Francis}
}

@book{olson1971logic,
  title={The logic of collective action: Public goods and the theory of groups},
  author={Olson, M.},
  volume={124},
  year={1971},
  publisher={Harvard Univ Pr}
}

@article{olson1997firm,
  title={Firm characteristics and the speed of FDA approval},
  author={Olson, Mary K},
  journal={Journal of economics \& management strategy},
  volume={6},
  number={1},
  pages={377--401},
  year={1997},
  publisher={Wiley Online Library}
}

@article{olfson2013decline,
  title={Decline in placebo-controlled trial results suggests new directions for comparative effectiveness research},
  author={Olfson, Mark and Marcus, Steven C},
  journal={Health affairs},
  volume={32},
  number={6},
  pages={1116--1125},
  year={2013},
  publisher={Health Affairs}
}

@article{ong2009looking,
  title={Looking Forward, Looking Back Assessing Variations in Hospital Resource Use and Outcomes for Elderly Patients With Heart Failure},
  author={Ong, M.K. and Mangione, C.M. and Romano, P.S. and Zhou, Q. and Auerbach, A.D. and Chun, A. and Davidson, B. and Ganiats, T.G. and Greenfield, S. and Gropper, M.A. and others},
  journal={Circulation: Cardiovascular Quality and Outcomes},
  volume={2},
  number={6},
  pages={548--557},
  year={2009},
  publisher={Am Heart Assoc}
}

@misc{OpenSecrets2016,
  author = {OpenSecrets.org},
  title = {Election Overview},
  howpublished = {\url{https://www.opensecrets.org/overview/index.php?cycle=2016&type=A&display=T}},
  year = {2016},
  note = {Accessed: 2018-06-26}
}

@article{paez2009rising,
  title={Rising out-of-pocket spending for chronic conditions: a ten-year trend},
  author={Paez, K.A. and Zhao, L. and Hwang, W.},
  journal={Health Affairs},
  volume={28},
  number={1},
  pages={15--25},
  year={2009},
  publisher={Health Affairs}
}

@article{panagariya1993political,
  title={Political-Economy Arguments for a Uniform Tariff},
  author={Panagariya, A. and Rodrik, D.},
  journal={International Economic Review},
  pages={685--703},
  year={1993},
  publisher={JSTOR}
}

@phdthesis{pang2010bayesian,
  title={Bayesian multilevel analysis of binary time-series cross-sectional data in political economy},
  author={Pang, X.},
  year={2010},
  school={WASHINGTON UNIVERSITY IN ST. LOUIS}
}

@article{pappas1993increasing,
  title={The increasing disparity in mortality between socioeconomic groups in the United States, 1960 and 1986},
  author={Pappas, Gregory and Queen, Susan and Hadden, Wilbur and Fisher, Gail},
  journal={New England Journal of Medicine},
  volume={329},
  number={2},
  pages={103--109},
  year={1993},
  publisher={Mass Medical Soc}
}

@article{pattie1995winning,
  title={Winning the local vote: the effectiveness of constituency campaign spending in Great Britain, 1983--1992},
  author={Pattie, Charles J and Johnston, Ronald J and Fieldhouse, Edward A},
  journal={American Political Science Review},
  volume={89},
  number={4},
  pages={969--983},
  year={1995},
  publisher={Cambridge University Press}
}

@article{pattie2003hanging,
  title={Hanging on the telephone? Doorstep and telephone canvassing at the British general election of 1997},
  author={Pattie, Charles J and Johnston, Ronald J},
  journal={British Journal of Political Science},
  volume={33},
  number={2},
  pages={303--322},
  year={2003},
  publisher={Cambridge University Press}
}

@article{pauly1991plan,
  title={A plan for responsible national health insurance},
  author={Pauly, M.V. and Danzon, P. and Feldstein, P. and Hoff, J.},
  journal={Health Affairs},
  volume={10},
  number={1},
  pages={5--25},
  year={1991},
  publisher={Project HOPE-The People-to-People Health Foundation, Inc.}
}

@article{pauly2004medicare,
  title={Medicare drug coverage and moral hazard},
  author={Pauly, Mark V},
  journal={Health Affairs},
  volume={23},
  number={1},
  pages={113--122},
  year={2004},
  publisher={Health Affairs}
}

@article{peltzman1976toward,
  title={Toward a More General Theory of Regulation},
  author={Peltzman, S.},
  journal={Journal of Law and Economics},
  volume={19},
  number={2},
  pages={211--240},
  year={1976},
  publisher={JSTOR}
}

@article{peltzman1984constituent,
  title={Constituent interest and congressional voting},
  author={Peltzman, S.},
  journal={JL \& Econ.},
  volume={27},
  pages={181},
  year={1984},
  publisher={HeinOnline}
}

@book{petris2009dynamic,
  title={Dynamic linear models with R},
  author={Petris, Giovanni and Campagnoli, Patrizia and Petrone, Sonia},
  year={2009},
  publisher={Springer}
}

@article{pierson1993effect,
  title={When effect becomes cause},
  author={Pierson, Paul},
  journal={World politics},
  volume={45},
  number={4},
  pages={595--628},
  year={1993},
  publisher={Cambridge Univ Press}
}

@article{poole1985spatial,
  title={A spatial model for legislative roll call analysis},
  author={Poole, K.T. and Rosenthal, H.},
  journal={American Journal of Political Science},
  pages={357--384},
  year={1985},
  publisher={JSTOR}
}

@article{poole1985patterns,
  title={Patterns of political action committee contributions to the 1980 campaigns for the United States House of Representatives},
  author={Poole, Keith T and Romer, Thomas},
  journal={Public Choice},
  volume={47},
  number={1},
  pages={63--111},
  year={1985},
  publisher={Springer}
}

@incollection{poole1993ideology,
  title={Ideology,shirking, and representation},
  author={Poole, Keith T and Romer, Thomas},
  booktitle={The Next Twenty-five Years of Public Choice},
  pages={185--196},
  year={1993},
  publisher={Springer}
}

@book{poole1997congress,
  title={Congress: A political-economic history of roll call voting},
  author={Poole, Keith T and Rosenthal, Howard},
  year={1997},
  publisher={Oxford University Press}
}

@book{poole2000congress,
  title={Congress: A political-economic history of roll call voting},
  author={Poole, K.T. and Rosenthal, H.},
  year={2000},
  publisher={Oxford University Press, USA}
}

@book{poole2007ideology,
  title={Ideology and congress},
  author={Poole, K.T. and Rosenthal, H.},
  year={2007},
  publisher={Transaction Pub}
}

@book{poole2011ideology,
  title={Ideology and congress},
  author={Poole, Keith T and Rosenthal, Howard L},
  volume={1},
  year={2011},
  publisher={Transaction Publishers}
}

@article{pope2004risk,
  title={Risk adjustment of Medicare capitation payments using the CMS-HCC model},
  author={Pope, Gregory C and Kautter, John and Ellis, Randall P and Ash, Arlene S and Ayanian, John Z and Ingber, Melvin J and Levy, Jesse M and Robst, John and others},
  year={2004}
}

@article{poterba1994state,
  title={State Responses to Fiscal Crises: The Effects of Budgetary Institutions and Politics},
  author={Poterba, JM},
  journal={Journal of Political Economy},
  volume={102},
  number={4},
  pages={799--821},
  year={1994},
  publisher={University of Chicago Press}
}

@book{preston1991fatal,
  title={Fatal years: Child mortality in late nineteenth-century America},
  author={Preston, Samuel H and Haines, Michael R},
  year={1991},
  publisher={Princeton University Press Princeton, NJ}
}

@article{preston1995educational,
  title={Are educational differentials in adult mortality increasing in the United States?},
  author={Preston, Samuel H and Elo, Irma T},
  journal={Journal of Aging and Health},
  volume={7},
  number={4},
  pages={476--496},
  year={1995},
  publisher={Sage Publications}
}

@article{puhani2000heckman,
  title={The Heckman correction for sample selection and its critique},
  author={Puhani, Patrick},
  journal={Journal of economic surveys},
  volume={14},
  number={1},
  pages={53--68},
  year={2000},
  publisher={Wiley Online Library}
}

@incollection{radelet2000onset,
  title={The onset of the East Asian financial crisis},
  author={Radelet, Steven and Sachs, Jeffrey D},
  booktitle={Currency crises},
  pages={105--162},
  year={2000},
  publisher={University of Chicago Press}
}

@article{ramsay2011revisiting,
  title={Revisiting the Resource Curse: Natural Disasters, the Price of Oil, and Democracy},
  author={Ramsay, K.W.},
  journal={International Organization},
  volume={65},
  number={03},
  pages={507--529},
  year={2011},
  publisher={Cambridge Univ Press}
}

@article{rasell1993impact,
  title={The impact of health care financing on family budgets},
  author={Rasell, E. and Bernstein, J. and Tang, K.},
  journal={Challenge},
  pages={12--20},
  year={1993},
  publisher={JSTOR}
}

@article{rehavi2007sex,
  title={Sex and politics: Do female legislators affect state spending?},
  author={Rehavi, M Marit},
  journal={Unpublished manuscript, University of Michigan},
  year={2007}
}

@article{richter2009lobbying,
  title={Lobbying and taxes},
  author={Richter, Brian Kelleher and Samphantharak, Krislert and Timmons, Jeffrey F},
  journal={American Journal of Political Science},
  volume={53},
  number={4},
  pages={893--909},
  year={2009},
  publisher={Wiley Online Library}
}

@article{robst2007diagnosis,
  title={Diagnosis-based risk adjustment for medicare prescription drug plan payments},
  author={Robst, John and Levy, Jesse M and Ingber, Melvin J},
  journal={Health Care Financing Review},
  volume={28},
  number={4},
  pages={15},
  year={2007},
  publisher={SUPERINTENDENT OF DOCUMENTS-GPO}
}

@article{roe2011political,
  title={Political instability: Effects on financial development, roots in the severity of economic inequality},
  author={Roe, M.J. and Siegel, J.I.},
  journal={Journal of Comparative Economics},
  year={2011},
  publisher={Elsevier}
}

@article{roemer1999democratic,
  title={The democratic political economy of progressive income taxation},
  author={Roemer, J.E.},
  journal={Econometrica},
  volume={67},
  number={1},
  pages={1--19},
  year={1999},
  publisher={Wiley Online Library}
}

@article{romer1994empirical,
  title={An empirical investigation of the dynamics of PAC contributions},
  author={Romer, Thomas and Snyder Jr, James M},
  journal={American journal of political science},
  pages={745--769},
  year={1994},
  publisher={JSTOR}
}

@article{romley2011hospital,
  title={Hospital spending and inpatient mortality: evidence from California: an observational study},
  author={Romley, J.A. and Jena, A.B. and Goldman, D.P.},
  journal={Annals of internal medicine},
  volume={154},
  number={3},
  pages={160--167},
  year={2011}
}

@article{roos1989does,
  title={Does a small minority of elderly account for a majority of health care expenditures?: A sixteen-year perspective},
  author={Roos, Noralou P and Shapiro, Evelyn and Tate, Robert},
  journal={The Milbank Quarterly},
  pages={347--369},
  year={1989},
  publisher={JSTOR}
}

@article{sarkar2006market,
  title={Market response to FDA announcements},
  author={Sarkar, Salil K and de Jong, Pieter J},
  journal={The Quarterly Review of Economics and Finance},
  volume={46},
  number={4},
  pages={586--597},
  year={2006},
  publisher={Elsevier}
}
@article{schattschneider1935politics,
  title={Politics, pressures and the tariff},
  author={Schattschneider, Elmer Eric},
  year={1935},
  publisher={Prentice-Hall, inc.}
}

@article{schwert1981using,
  title={Using financial data to measure effects of regulation},
  author={Schwert, G.W.},
  journal={Journal of law and Economics},
  volume={24},
  number={1},
  pages={121--158},
  year={1981},
  publisher={JSTOR}
}

@article{skinner2011causes,
  title={Causes and consequences of regional variations in health care},
  author={Skinner, J.},
  journal={Handbook of Health Economics},
  volume={2},
  pages={45--93},
  year={2011},
  publisher={North Holland}
}

@article{siebert2012state,
  title={State-transition modeling: a report of the ISPOR-SMDM modeling good research practices task force-3},
  author={Siebert, Uwe and Alagoz, Oguzhan and Bayoumi, Ahmed M and Jahn, Beate and Owens, Douglas K and Cohen, David J and Kuntz, Karen M and ISPOR-SMDM Modeling Good Research Practices Task Force and others},
  journal={Value in Health},
  volume={15},
  number={6},
  pages={812--820},
  year={2012},
  publisher={Elsevier}
}

@article{silber2010aggressive,
  title={Aggressive treatment style and surgical outcomes},
  author={Silber, J.H. and Kaestner, R. and Even-Shoshan, O. and Wang, Y. and Bressler, L.J.},
  journal={Health services research},
  volume={45},
  number={6p2},
  pages={1872--1892},
  year={2010},
  publisher={Wiley Online Library}
}

@misc{silver2012fundamentals,
  title={Models Based on Fundamentals Have Failed at
Predicting Presidential Elections},
howpublished={\url{http://fivethirtyeight.blogs.nytimes.com/2012/03/26/models-based-on-fundamentals-have-failed-at-predicting-presidential-elections/?_r=0}},
  author={Silver, Nate},
  journal={The New York Times},
  year={2012},
}

@article{shaw1999study,
  title={A study of presidential campaign event effects from 1952 to 1992},
  author={Shaw, Daron R},
  journal={The Journal of Politics},
  volume={61},
  number={02},
  pages={387--422},
  year={1999},
  publisher={Cambridge Univ Press}
}

@article{shefrin1988behavioral,
  title={The behavioral life-cycle hypothesis},
  author={Shefrin, Hersh M and Thaler, Richard H},
  journal={Quasi Rational Economics},
  pages={91--126},
  year={1988}
}

@article{shon2010stock,
  title={Do Stock Returns Vary with Campaign Contributions? Bush vs. Gore: The Florida Recount},
  author={Shon, J.J.},
  journal={Economics \& Politics},
  volume={22},
  number={3},
  pages={257--281},
  year={2010},
  publisher={Wiley Online Library}
}

@article{shor2011ideological,
  title={The ideological mapping of American legislatures},
  author={Shor, Boris and McCarty, Nolan},
  journal={American Political Science Review},
  volume={105},
  number={3},
  pages={530--51},
  year={2011},
  publisher={Cambridge Univ Press}
}

@misc{silver2014ratings,
  title={How FiveThirtyEight Calculates Pollster Ratings},
  author={Silver, Nate},
  year={2014},
 howpublished = {\url{https://fivethirtyeight.com/features/how-fivethirtyeight-calculates-pollster-ratings/}}
}

@article{smedley2003unequal,
  title={Unequal Treatment: Confronting Racial and Ethnic Disparities in Health Care},
  author={Smedley, Brian D and Stith, Adrienne Y and Nelson, Alan R},
  year={2003},
  publisher={The National Academies Press}
}

@book{smedley2009unequal,
  title={Unequal treatment: confronting racial and ethnic disparities in health care (with CD)},
  author={Smedley, Brian D and Stith, Adrienne Y and Nelson, Alan R and others},
  year={2009},
  publisher={National Academies Press}
}

@article{snyder1989election,
  title={Election goals and the allocation of campaign resources},
  author={Snyder, James M},
  journal={Econometrica},
  pages={637--660},
  year={1989},
  publisher={JSTOR}
}

@article{snyder1990campaign,
  title={Campaign contributions as investments: The US House of Representatives, 1980-1986},
  author={Snyder Jr, James M},
  journal={Journal of Political Economy},
  pages={1195--1227},
  year={1990},
  publisher={JSTOR}
}

@article{sokol2005impact,
  title={Impact of medication adherence on hospitalization risk and healthcare cost},
  author={Sokol, Michael C and McGuigan, Kimberly A and Verbrugge, Robert R and Epstein, Robert S},
  journal={Medical care},
  volume={43},
  number={6},
  pages={521--530},
  year={2005},
  publisher={LWW}
}

@article{spenkuch2018political,
  title={Political Advertising and Election Results},
  author={Spenkuch, J{\"o}rg L and Toniatti, David},
  journal={The Quarterly Journal of Economics},
  year={2018}
}

@book{stanton2006high,
  title={The high concentration of US health care expenditures},
  author={Stanton, Mark W and Rutherford, MK},
  year={2006},
  publisher={Agency for Healthcare Research and Quality Washington, DC}
}

@article{stein1994congressional,
  title={Congressional elections and the pork barrel},
  author={Stein, Robert M and Bickers, Kenneth N},
  journal={The Journal of Politics},
  volume={56},
  number={02},
  pages={377--399},
  year={1994},
  publisher={Cambridge Univ Press}
}

@misc{stewart2015,
  title={Congressional Committee Assignments, 103rd to 112th Congresses, 1993--2011},
  author={Stewart III, Charles and Woon, Jonathan},
  year={2015}
}

@article{stigler1971theory,
  title={The theory of economic regulation},
  author={Stigler, G.J.},
  journal={The Bell journal of economics and management science},
  pages={3--21},
  year={1971},
  publisher={JSTOR}
}

@article{stratmann1991campaign,
  title={What do campaign contributions buy? Deciphering causal effects of money and votes},
  author={Stratmann, Thomas},
  journal={Southern Economic Journal},
  pages={606--620},
  year={1991},
  publisher={JSTOR}
}

@article{stratmann2005some,
  title={Some Talk: Money in Politics. A (Partial) Review of the Literature},
  author={Stratmann, Thomas},
  journal={Public Choice},
  pages={135--156},
  year={2005},
  publisher={JSTOR}
}

@inproceedings{strauss2007florida,
  title={Florida or Ohio? Forecasting presidential state outcomes using reverse random walks},
  author={Strauss, Aaron},
  booktitle={Princeton University Political Methodology Seminar},
  year={2007}
}

@article{st2014rand,
  title={RAND HRS Data Documentation Version N},
  author={St Clair, Patricia and Bugliari, Delia and Pantoja, Philip and Ilchuk, Serhii and Lopez, Gabriela and Haider, Steven and Hurd, Michael and Loughran, David and Panis, Constantijn and Reti, Monika and others},
  journal={RAND Corporation, Santa Monica},
  year={2014}
}

@article{stromberg2008electoral,
  title={How the Electoral College influences campaigns and policy: the probability of being Florida},
  author={Str{\"o}mberg, David},
  journal={The American Economic Review},
  volume={98},
  number={3},
  pages={769--807},
  year={2008},
  publisher={American Economic Association}
}

@article{su2009bias,
  title={Bias in 2-part mixed models for longitudinal semicontinuous data},
  author={Su, Li and Tom, Brian DM and Farewell, Vernon T},
  journal={Biostatistics},
  volume={10},
  number={2},
  pages={374--389},
  year={2009},
  publisher={Biometrika Trust}
}

@article{svensson1998investment,
  title={Investment, property rights and political instability: Theory and evidence},
  author={Svensson, J.},
  journal={European Economic Review},
  volume={42},
  number={7},
  pages={1317--1341},
  year={1998},
  publisher={Elsevier}
}

@article{taleb2011black,
  title={Black Swan of Cairo: How Suppressing Volatility Makes the World Less Predictable and More Dangerous, The},
  author={Taleb, Nassim Nicholas and Blyth, Mark},
  journal={Foreign Aff.},
  volume={90},
  pages={33},
  year={2011},
  publisher={HeinOnline}
}

@article{tamblyn2001adverse,
  title={Adverse events associated with prescription drug cost-sharing among poor and elderly persons},
  author={Tamblyn, Robyn and Laprise, Rejean and Hanley, James A and Abrahamowicz, Michael and Scott, Susan and Mayo, Nancy and Hurley, Jerry and Grad, Roland and Latimer, Eric and Perreault, Robert and others},
  journal={JAMA: the journal of the American Medical Association},
  volume={285},
  number={4},
  pages={421--429},
  year={2001},
  publisher={Am Med Assoc}
}

@article{thomas1994like,
  title={Like Father, Like Son; Like Mother, Like Daughter.},
  author={Thomas, Duncan},
  journal={Journal of Human Resources},
  volume={29},
  number={4},
  year={1994}
}

@article{thomas1997cardiovascular,
  title={Cardiovascular disease in African American and white physicians: The Meharry cohort and Meharry-Hopkins cohort studies},
  author={Thomas, John and Thomas, D Johniene and Pearson, Thomas and Klag, Michael and Mead, Lucy},
  journal={Journal of health care for the poor and underserved},
  volume={8},
  number={3},
  pages={270--283},
  year={1997},
  publisher={The Johns Hopkins University Press}
}

@article{tooze2002analysis,
  title={Analysis of repeated measures data with clumping at zero},
  author={Tooze, Janet A and Grunwald, Gary K and Jones, Richard H},
  journal={Statistical methods in medical research},
  volume={11},
  number={4},
  pages={341--355},
  year={2002},
  publisher={SAGE Publications}
}

@article{tufte1973relationship,
  title={The relationship between seats and votes in two-party systems},
  author={Tufte, Edward R},
  journal={American Political Science Review},
  volume={67},
  number={02},
  pages={540--554},
  year={1973},
  publisher={Cambridge Univ Press}
}

@article{van1992predictability,
  title={Predictability of individual health care expenditures},
  author={Van Vliet, Ren{\'e} CJA},
  journal={Journal of Risk and Insurance},
  pages={443--461},
  year={1992},
  publisher={JSTOR}
}

@article{wagstaff1986demand,
  title={The demand for health: some new empirical evidence},
  author={Wagstaff, Adam},
  journal={Journal of health economics},
  volume={5},
  number={3},
  pages={195--233},
  year={1986},
  publisher={Elsevier}
}

@article{wagstaff2008measuring,
  title={Measuring financial protection in health},
  author={Wagstaff, A.},
  journal={World Bank Policy Research Working Paper Series, Vol},
  year={2008}
}

@article{waters2004measuring,
  title={Measuring financial protection in health in the United States},
  author={Waters, H.R. and Anderson, G.F. and Mays, J.},
  journal={Health Policy},
  volume={69},
  number={3},
  pages={339--349},
  year={2004},
  publisher={Elsevier}
}

@article{wagstaff2009extending,
  title={Extending health insurance to the rural population: An impact evaluation of China's new cooperative medical scheme},
  author={Wagstaff, A. and Lindelow, M. and Jun, G. and Ling, X. and Juncheng, Q.},
  journal={Journal of health economics},
  volume={28},
  number={1},
  pages={1--19},
  year={2009},
  publisher={Elsevier}
}

@techreport{webb2010much,
  title={How Much Is Enough? The Distribution of Lifetime Health Care Costs},
  author={Webb, Anthony and Zhivan, Natalia},
  year={2010},
  institution={Center for Retirement Research}
}

@article{weinick2000racial,
  title={Racial and ethnic differences in access to and use of health care services, 1977 to 1996},
  author={Weinick, Robin M and Zuvekas, Samuel H and Cohen, Joel W},
  journal={Medical Care Research and Review},
  volume={57},
  number={suppl 1},
  pages={36--54},
  year={2000},
  publisher={Sage Publications}
}

@book{west1997bayesian,
  title={Bayesian forecasting and dynamic models},
  author={West, Mike and Harrison, Jeff},
  volume={18},
  year={1997},
  publisher={Springer New York}
}

@article{whiteley2003win,
  title={How to win a landslide by really trying: the effects of local campaigning on voting in the 1997 British general election},
  author={Whiteley, Paul and Seyd, Patrick},
  journal={Electoral Studies},
  volume={22},
  number={2},
  pages={301--324},
  year={2003},
  publisher={Elsevier}
}

@article{whittle1997patient,
  title={Do patient preferences contribute to racial differences in cardiovascular procedure use?},
  author={Whittle, Jeff and Conigliaro, Joseph and Good, CB and Joswiak, Monica},
  journal={Journal of general internal medicine},
  volume={12},
  number={5},
  pages={267--273},
  year={1997},
  publisher={Springer}
}

@article{williams2010race,
  title={Race, socioeconomic status, and health: complexities, ongoing challenges, and research opportunities},
  author={Williams, David R and Mohammed, Selina A and Leavell, Jacinta and Collins, Chiquita},
  journal={Annals of the New York Academy of Sciences},
  volume={1186},
  number={1},
  pages={69--101},
  year={2010},
  publisher={Wiley Online Library}
}

@book{wilson1974political,
  title={Political organizations},
  author={Wilson, James Q},
  year={1974},
  publisher={Princeton University Press}
}

@book{wilson2007women,
  title={The Women's Joint Congressional Committee and the Politics of Maternalism, 1920-30},
  author={Wilson, Jan Doolittle},
  year={2007},
  publisher={University of Illinois Press}
}

@book{wooldridge2002econometric,
  title={Econometric analysis of cross section and panel data},
  author={Wooldridge, J.M.},
  year={2002},
  publisher={The MIT press}
}

@article{wooldridge2005simple,
  title={Simple solutions to the initial conditions problem in dynamic, nonlinear panel data models with unobserved heterogeneity},
  author={Wooldridge, Jeffrey M},
  journal={Journal of applied econometrics},
  volume={20},
  number={1},
  pages={39--54},
  year={2005},
  publisher={Wiley Online Library}
}

@article{wooldridge2010econometric,
  title={Econometric Analysis of Cross Section and Panel Data},
  author={Wooldridge, J.M.},
  journal={MIT Press Books},
  volume={1},
  year={2010},
  publisher={The MIT Press}
}

@article{wulfsohn1997joint,
  title={A joint model for survival and longitudinal data measured with error},
  author={Wulfsohn, Michael S and Tsiatis, Anastasios A},
  journal={Biometrics},
  pages={330--339},
  year={1997},
  publisher={JSTOR}
}

@article{yin2008effect,
  title={The effect of the Medicare Part D prescription benefit on drug utilization and expenditures},
  author={Yin, Wesley and Basu, Anirban and Zhang, James X and Rabbani, Atonu and Meltzer, David O and Alexander, G Caleb and others},
  journal={Annals of Internal Medicine},
  volume={148},
  number={3},
  pages={169},
  year={2008}
}

@book{zaller1992nature,
  title={The nature and origins of mass opinion},
  author={Zaller, John},
  year={1992},
  publisher={Cambridge university press}
}

@article{zaller1996myth,
  title={The myth of massive media impact revived: New support for a discredited idea},
  author={Zaller, John},
  journal={Political persuasion and attitude change},
  pages={17--78},
  year={1996},
  publisher={Ann Arbor MI: The University of Michigan Press}
}

@article{zhang2006bayesian,
  title={Bayesian inference for a two-part hierarchical model: An application to profiling providers in managed health care},
  author={Zhang, Min and Strawderman, Robert L and Cowen, Mark E and Wells, Martin T},
  journal={Journal of the American Statistical Association},
  volume={101},
  number={475},
  pages={934--945},
  year={2006},
  publisher={Taylor \& Francis}
}

@article{zhang2009effect,
  title={The effect of Medicare Part D on drug and medical spending},
  author={Zhang, Yuting and Donohue, Julie M and Lave, Judith R and O'Donnell, Gerald and Newhouse, Joseph P},
  journal={New England Journal of Medicine},
  volume={361},
  number={1},
  pages={52--61},
  year={2009},
  publisher={Mass Medical Soc}
}

@article{zinn2012median,
  title={Median Approval Times For Class III Medical Devices Have Been Well Above Statutory Deadlines Set For FDA And CMS},
  author={Zinn, Annette M and Allen, John C and Hacker, Carl S},
  journal={Health Affairs},
  volume={31},
  number={10},
  pages={2304--2313},
  year={2012},
  publisher={Health Affairs}
}

@article{zuckerman2011medical,
  title={Medical device recalls and the FDA approval process},
  author={Zuckerman, Diana M and Brown, Paul and Nissen, Steven E},
  journal={Archives of internal medicine},
  volume={171},
  number={11},
  pages={1006},
  year={2011},
  publisher={Am Med Assoc}
}

@article{zuvekas2007prescription,
  title={Prescription drugs and the changing concentration of health care expenditures},
  author={Zuvekas, Samuel H and Cohen, Joel W},
  journal={Health Affairs},
  volume={26},
  number={1},
  pages={249--257},
  year={2007},
  publisher={Health Affairs}
}

@article{zuvekas2009validating,
  title={Validating household reports of health care use in the medical expenditure panel survey},
  author={Zuvekas, Samuel H and Olin, Gary L},
  journal={Health Services Research},
  volume={44},
  number={5p1},
  pages={1679--1700},
  year={2009},
  publisher={Wiley Online Library}
}